2170 3412
957 204 1240 246 -44-

279 320 466 362 versibus
497 319 672 372 916sq.,
705 317 857 372 quibus
889 323 1007 359 tanta
1039 316 1100 358 vis
1131 316 1345 359 doctrinae
1375 317 1593 371 tribuitur,
1624 318 1781 362 similia
1810 325 1910 362 sunt

281 395 380 437 haec
420 394 708 449 Antiphontis:
756 396 806 447 ζῇ
854 395 967 433 τοῦτο
1013 393 1076 433 καὶ
1125 392 1262 433 {iniust
1308 391 1370 434 διὰ
1415 394 1558 439 παντὸς
1597 396 1667 435 τοῦ
1705 394 1790 449 βίου
1826 396 1909 437 κτλ.

280 470 338 511 Cf.
372 471 451 511 An.
475 468 621 510 lambl.
652 468 721 520 1,3
759 499 769 509 .
795 500 803 509 .
828 498 838 508 .
862 467 1151 522 ἀνυπέρβλητον
1182 466 1346 521 γίγνεται
1377 469 1509 519 τοῦτο,
1548 466 1606 509 δτι
1643 467 1688 509 ἂν
1721 468 1825 524 ἀσκῇ
1856 484 1911 515 τις

278 549 356 587 τῶν
388 546 623 599 ἀνθρώπων.

400 620 484 661 Nec
515 618 688 661 minoris
711 632 838 673 quam
861 618 1106 673 Protagoras
1137 617 1412 660 eruditionem
1445 632 1493 660 ac
1524 618 1757 661 doctrinam
1787 619 1913 662 aesti-

279 696 423 737 mabat
471 694 753 744 Democritus,
805 707 899 735 cum
953 693 1129 735 alteram
1180 701 1374 736 naturam
1426 708 1518 735 eam
1570 708 1708 736 creare
1758 693 1915 738 diceret

276 771 347 825 (fr.
373 771 466 824 33):
500 771 523 824 ἡ
557 770 693 824 φύσις
723 771 787 811 καὶ
818 770 843 823 ἡ
876 770 1048 824 διδαχὴ
1082 767 1351 823 παραπλήσιόν
1383 768 1476 811 ἐστι.
1524 770 1587 811 καὶ
1618 771 1690 825 γὰρ
1722 770 1912 826 ῆὸιδαχὴ

279 848 525 900 μεταρυσμοῖ
569 846 632 885 τὸν
680 844 908 898 ἄνθρωπον,
957 847 1261 899 μεταρυσμοῦσα
1307 845 1350 886 δὲ
1392 848 1622 899 φυσιοποιεῖ.
1684 844 1743 886 Cs.
1781 844 1914 888 Eueni

276 923 326 963 fr.
345 922 371 962 9
396 919 609 974 (Vorsok.²
635 920 673 961 11
698 921 718 961 1
754 935 792 976 p.
813 920 928 973 720).
973 919 1177 962 Similiter
1207 920 1453 973 Protagoras
1473 920 1554 973 (Pl.
1573 919 1741 962 Theaet.
1765 919 1912 974 1660):

279 997 318 1037 ἐν
351 999 398 1050 τῇ
433 997 586 1050 παιδείᾳ
618 996 695 1036 ἀπὸ
719 994 854 1050 ἑτέρας
875 994 993 1040 ἕξεως
1016 995 1078 1036 ἐπὶ
1101 995 1170 1049 τὴν
1194 995 1341 1047 ἀμείνω
1365 994 1625 1049 μεταβλητέον
1642 994 1722 1048 ¹⁰⁰).
1770 995 1916 1051 Neque

280 1071 368 1113 ulla
420 1085 486 1113 ars
532 1084 666 1125 neque
708 1070 884 1112 scientia
927 1071 1016 1112 sine
1061 1070 1199 1112 studio
1247 1075 1374 1125 atque
1421 1070 1610 1112 doctrina
1652 1075 1916 1126 comparatur

278 1147 348 1201 (fr.
372 1146 466 1200 59):
500 1145 590 1187 οὔτε
620 1145 740 1201 τέχνη
772 1145 863 1187 οὔτε
894 1147 1012 1200 σοφίη
1045 1145 1216 1200 ἐφικτόν,
1248 1145 1295 1199 ἦν
1329 1147 1382 1200 μὴ
1417 1146 1546 1200 μοίῦῃ
1578 1161 1645 1190 τις.
1703 1145 1787 1188 Neo
1817 1158 1915 1188 vero

277 1222 505 1277 quicquam
550 1221 662 1263 valet
704 1220 913 1272 doctrina,
960 1220 1039 1262 nisi
1079 1222 1349 1262 confirmatur
1386 1227 1427 1262 et
1464 1227 1639 1275 augetur
1676 1234 1752 1263 usu
1789 1226 1915 1276 atque

278 1297 593 1347 exercitatione,
626 1297 779 1351 quibus
813 1296 950 1351 plures
983 1296 1079 1337 boni
1110 1296 1216 1338 fiunt
1248 1309 1374 1350 quam
1408 1301 1557 1337 natura
1588 1300 1714 1350 atque
1746 1294 1912 1350 ingenio

278 1371 347 1426 (fr.
371 1372 492 1426 242):
531 1370 691 1416 πλέονες
728 1371 767 1416 ἐξ
805 1371 1034 1425 ἀσκήσιος
1071 1371 1212 1425 ἁγαθοὶ
1243 1371 1408 1425 γίνονται
1439 1371 1464 1425 ἦ
1496 1371 1574 1412 ἀπὸ
1605 1370 1754 1425 φύσιος.
1799 1370 1914 1413 Idem

278 1448 406 1489 sentit
438 1447 588 1488 Critias
620 1447 669 1488 fr.
694 1447 732 1488 9.
796 1444 859 1490 Cf.
894 1446 1130 1502 Epicharmi
1167 1447 1214 1487 fr.
1239 1446 1306 1488 33.
1370 1446 1458 1487 Iam
1497 1461 1521 1487 a
1558 1445 1697 1502 pueris
1733 1445 1916 1502 incipere

278 1528 442 1578 oportet
472 1524 539 1574 (fr.
567 1521 686 1577 183):
720 1521 802 1563 ἔστι
833 1537 907 1563 που
939 1521 1035 1562 νέων
1069 1521 1215 1567 ξύνεσις
1245 1523 1308 1563 καὶ
1330 1520 1520 1576 γερόντων
1545 1521 1742 1576 ἀξυνεσίη·
1775 1520 1916 1576 χρόνος

278 1602 351 1653 γὰρ
389 1597 433 1639 οὐ
471 1599 645 1639 διδάσκει
681 1600 856 1652 φρονεῖν,
895 1595 980 1638 ἀλλ’
1017 1598 1167 1651 ὡραίη
1204 1598 1351 1652 τροφὴ
1391 1597 1454 1639 καὶ
1491 1596 1642 1652 φύσις.
1704 1595 1916 1652 Imprimis

284 1687 350 1715 ars
385 1673 520 1715 civilis
557 1673 682 1727 digna
718 1677 780 1714 est
817 1672 955 1714 studio
994 1681 1036 1714 et
1074 1672 1215 1714 labore
1250 1672 1319 1726 (fr.
1353 1672 1473 1726 157):
1518 1671 1587 1726 τήν
1630 1687 1672 1712 τε
1713 1672 1914 1726 πολιτικὴν

282 1748 424 1804 τέχνην
472 1749 654 1803 μεγίστην
699 1747 819 1789 οὖσαν
866 1748 1164 1789 ἐκδιδάσκεσθαι
1210 1748 1273 1789 καὶ
1317 1748 1406 1792 τοὺς
1449 1747 1593 1792 πόνους
1636 1748 1791 1789 διώκειν
1831 1749 1914 1789 κτλ.

285 1825 494 1866 Virtutem
524 1824 691 1866 civilem
716 1823 978 1865 Democritus
1009 1823 1175 1865 etiamsi
1214 1824 1342 1865 finem
1379 1836 1465 1864 esse
1494 1823 1630 1864 omnis
1658 1821 1916 1864 educationis

283 1915 330 1942 ac
369 1899 613 1955 disciplinae
652 1913 745 1941 cum
783 1899 981 1955 sophiStis
1013 1898 1220 1940 consentit
1251 1897 1322 1952 (cf.
1356 1900 1403 1940 fr.
1428 1898 1547 1952 252),
1586 1904 1725 1940 tamen
1758 1897 1794 1940 si
1824 1897 1918 1953 quis

284 1976 404 2018 beate
434 1976 574 2017 vivere
608 1974 720 2027 velit,
752 1980 907 2027 monet,
941 1989 992 2016 ne
1024 1980 1197 2015 naturae
1229 1988 1276 2015 ac
1307 1973 1518 2015 facultatis
1539 1974 1712 2015 modum
1732 1978 1918 2015 transeat

280 2052 351 2106 (fr.
376 2051 435 2105 3).
483 2051 591 2092 Nam
623 2050 816 2105 quamvis
847 2050 1027 2091 multum
1059 2049 1270 2091 doctrinae
1291 2049 1505 2101 tribueret,
1537 2062 1749 2091 summum
1769 2061 1915 2104 quem-

285 2141 363 2182 que
401 2127 539 2168 virum
586 2125 816 2181 plurimum
861 2125 1027 2179 ingenio
1066 2125 1205 2167 valere
1247 2138 1329 2166 non
1354 2124 1593 2179 ‘ignorabat
1627 2124 1697 2178 (fr.
1725 2123 1794 2166 56.
1825 2122 1912 2178 21).

284 2287 429 2332 p.1132
456 2287 539 2322 adn.
560 2287 590 2321 1.
620 2286 710 2321 1120
736 2287 817 2321 adn.
842 2287 881 2328 43
922 2286 1026 2320 Arch.
1059 2286 1083 2320 f.
1116 2285 1242 2320 Gesch.
1275 2286 1309 2320 d.
1342 2285 1432 2320 Phil.
1460 2285 1490 2318 V
1527 2285 1621 2329 177).
1682 2285 1774 2319 Sunt
1809 2284 1916 2319 etiam

283 2346 375 2381 aliae
401 2347 671 2381 convenientiae
696 2347 790 2380 inter
807 2345 966 2380 Platonis
994 2356 1192 2380 sermonem
1219 2348 1255 2380 et
1274 2345 1562 2389 Disputationum
1590 2355 1667 2389 cap.
1687 2344 1758 2388 VL,
1783 2344 1821 2378 iu
1846 2354 1916 2389 quo

284 2406 406 2440 eadem
433 2406 505 2441 fere
530 2406 774 2450 inveniuntur,
801 2406 930 2450 quibus
950 2405 1114 2440 Socrates
1141 2405 1308 2439 virtutem
1335 2405 1453 2439 doceri
1471 2415 1543 2438 non
1563 2414 1667 2449 posse
1687 2404 1916 2438 demonstrat.

286 2465 445 2499 Alterum
482 2466 587 2509 enim,
624 2465 719 2510 quod
752 2465 916 2509 sophista
948 2465 1080 2509 profert
1113 2463 1206 2507 (6,3)
1239 2463 1403 2510 congruit
1433 2475 1511 2498 cum
1545 2474 1600 2506 eo,
1633 2463 1728 2507 quod
1755 2462 1917 2497 Socrates

286 2535 320 2567 p.
339 2523 436 2557 319a
450 2534 503 2568 sq.
523 2524 681 2568 exponit,
707 2523 750 2558 cf.
770 2523 839 2558 327
848 2535 877 2558 e.
917 2524 1072 2558 Tertium
1094 2522 1186 2558 idem
1207 2529 1272 2565 est,
1299 2523 1393 2568 quod
1413 2522 1575 2557 Socrates
1601 2533 1636 2566 p.
1654 2522 1751 2556 319e
1770 2521 1917 2566 profert,

286 2582 331 2616 cf.
357 2582 468 2616 324d.
526 2583 676 2617 Restant
702 2582 782 2624 alia,
816 2593 905 2627 quae
938 2593 1016 2616 cum
1049 2581 1168 2616 aliena
1199 2584 1318 2617 essent
1349 2592 1370 2616 a
1394 2581 1550 2616 Socratis
1584 2581 1721 2615 ratione
1746 2580 1832 2624 (6‚2)
1858 2587 1919 2614 aut

290 2642 492 2676 urbanitate
512 2641 682 2684 (6‚5—6),
700 2641 801 2676 Plato
829 2642 959 2676 omisit.
1011 2641 1195 2675 Praeterea
1221 2644 1344 2675 auctor
1370 2640 1658 2684 Disputationum
1688 2640 1818 2674 eisdem
1844 2638 1920 2674 fere

285 2701 402 2735 causis
441 2702 566 2743 utitur,
606 2701 734 2744 quibus
768 2701 979 2746 Protagoras
1013 2700 1190 2735 Socratem
1229 2699 1372 2734 refellit.
1423 2699 1578 2744 Uterque
1617 2699 1708 2734 enim
1741 2698 1915 2744 Polycleti

285 2759 438 2794 filiorum
474 2759 672 2804 exemplum
707 2760 819 2804 affert,
858 2760 904 2794 cf.
935 2760 1030 2794 Prot.
1063 2759 1170 2802 3280,
1209 2760 1350 2804 Disput.
1377 2759 1445 2802 6‚8.
1503 2759 1554 2793 Ex
1591 2769 1660 2804 quo
1698 2757 1920 2804 intellegitur

287 2819 470 2854 Platonem
502 2819 590 2854 libro
624 2820 774 2864 quodam
807 2819 1024 2864 Protagorae
1055 2830 1158 2854 usum
1193 2830 1284 2863 esse,
1324 2829 1393 2864 quo
1431 2818 1475 2853 de
1513 2819 1643 2853 virtute
1681 2817 1842 2853 docenda
1877 2818 1918 2852 in

286 2881 472 2922 utramque
498 2882 632 2922 partem
661 2878 866 2922 disputa-vit.

383 2938 440 2979 ¹⁰⁰)
467 2937 511 2972 cf.
538 2937 682 2982 Natorp,
711 2938 910 2972 Demokrits
938 2938 1066 2972 Ethika
1090 2949 1125 2982 p.
1147 2938 1213 2972 118
1238 2938 1320 2972 adn.
1345 2939 1373 2972 1.
