2170 3412
989 194 1273 236 -40-

311 309 461 363 Areop.
485 307 510 349 l.
534 322 658 364 supra
681 324 729 360 o.,
764 307 823 350 Pl.
849 306 1027 362 Euthyd.
1050 305 1248 362 280d⁹⁸)‚
1281 307 1321 349 id
1349 307 1458 363 quod
1482 308 1624 351 fabula
1643 308 1717 351 illa
1738 309 1942 367 Aesopica

311 383 634 437 demonstratur,
668 382 731 424 his
763 382 899 424 verbis
930 382 1135 437 concepit:
1173 383 1194 423 ὁ
1223 382 1348 437 μῦθος
1374 383 1500 437 δηλοῖ,
1531 382 1591 425 ὅτι
1611 383 1723 426 οὐδὲν
1744 385 1770 439 ἡ
1793 386 1939 440 κτῆσις,

310 457 377 498 ἐὰν
410 458 464 512 μὴ
498 458 522 512 ἡ
554 461 697 513 χρῆσις
729 460 876 512 προσῇ.
928 456 1009 498 Sed
1042 456 1270 513 Antiphon,
1303 458 1502 512 quoniam
1523 457 1710 500 fabulam
1732 459 1942 514 vulgarem

309 532 520 574 subtiliter
552 532 682 586 auxit,
717 541 764 574 ut
794 532 1044 584 ostenderet,
1077 545 1161 586 qua
1191 532 1352 574 ratione
1383 532 1559 588 pecunia
1591 532 1790 575 utendum
1820 539 1942 587 esset,

310 607 412 649 haec
445 607 625 649 addidit:
660 606 818 661 ὅταν9*)
847 607 921 662 γὰρ
953 607 973 648 ὁ
1007 607 1099 652 θεὸς
1131 607 1185 662 μὴ
1218 609 1417 653 παντελῶς
1439 607 1624 663 βούληται
1645 608 1776 663 ἀγαθὰ
1797 608 1942 652 διδόναι

311 682 432 736 ἀνδρί,
464 682 680 737 χρημάτων
713 684 879 723 πλοῦτον
902 683 1134 738 παρασχών,
1165 685 1233 723 τοῦ
1255 686 1411 738 φρονεῖν
1432 682 1509 738 <δὲ>
1522 681 1575 737 ⁹⁵)
1597 682 1743 738 πένητα
1765 684 1944 739 ποιήσας,

309 756 352 797 τὸ
393 756 524 810 ἕτερον
563 755 806 811 ἀφελόμενος
843 757 1076 813 ἀμφοτέρων
1115 757 1391 812 ἀπεστέρησεν.
1454 757 1583 800 Docet
1620 758 1746 812 igitur
1775 757 1946 802 divitias

308 832 411 874 nihil
447 832 598 886 valere,
631 833 714 874 nisi
746 847 840 874 oum
871 833 1079 888 sapientia
1109 833 1356 875 coniunctae
1387 834 1484 886 sint,
1518 848 1600 890 qua
1630 835 1716 886 fiat,
1760 841 1806 877 ut
1835 840 1946 877 recte

308 907 358 948 iis
401 908 552 960 utaris,
600 922 706 963 quae
751 907 975 963 possideas.
1037 908 1096 949 Cf.
1131 909 1320 950 Democr.
1352 909 1400 950 sr.
1425 908 1499 951 77:
1548 909 1639 954 δόξα
1678 909 1743 951 καὶ
1780 911 1946 956 πλοῦτος

309 982 402 1023 ἄνευ
436 982 605 1028 Ευνέσιος
637 982 710 1024 οὐκ
740 983 921 1038 ἀσφαλέα
951 983 1144 1037 κτήματα.
1206 984 1266 1025 Cf.
1300 983 1439 1039 Eurip.
1473 985 1522 1025 sr.
1550 984 1642 1026 163.
1664 984 1762 1027 237.
1822 984 1947 1027 Simi-

310 1058 407 1099 liter
430 1058 625 1100 Prodicus
657 1058 826 1100 divitias
860 1059 1013 1100 bonum
1046 1072 1128 1100 non
1162 1072 1263 1110 esse,
1296 1059 1375 1100 nisi
1408 1059 1501 1114 quis
1533 1060 1744 1115 sapienter
1772 1060 1824 1101 iis
1852 1065 1945 1102 ute-

308 1142 441 1182 retur,
482 1133 722 1188 exposuisse
759 1133 939 1175 traditur
970 1132 1136 1188 ([P1at.]
1171 1133 1293 1188 Eryx.
1317 1133 1538 1189 397dsqq.
1605 1134 1774 1176 Vorsok.
1806 1135 1855 1176 fr.
1877 1134 1944 1189 8):

307 1212 387 1253 τοῖς
419 1209 487 1260 μὲν
520 1211 654 1254 καλοῖς
685 1209 874 1263 κάγαθοῖς
906 1212 982 1250 τῶν
1014 1210 1237 1262 ἀνθρώπων
1259 1210 1323 1250 καὶ
1344 1212 1425 1254 τοῖς
1447 1209 1730 1263 ἐπισταμένοις,
1763 1209 1863 1251 ὅπου
1885 1210 1951 1252 δεῖ

306 1284 485 1339 χρῆσθαι
515 1286 595 1328 τοῖς
626 1284 818 1339 χρήμασι,
850 1284 999 1329 τούτοις
1031 1285 1100 1338 μὲν
1133 1284 1295 1337 ἀγαθόν,
1327 1287 1406 1329 τοῖς
1439 1285 1482 1325 δὲ
1524 1285 1745 1340 μοχθηροῖς
1779 1285 1844 1326 καὶ
1880 1284 1946 1326 ἀν-

308 1360 545 1413 επιστήμοσι
568 1359 700 1400 κακόν.
734 1358 819 1415 ἔχει
841 1358 897 1411 δ’,
929 1358 1022 1415 ἔφη,
1053 1360 1116 1400 καὶ
1139 1359 1261 1401 τᾶλλα
1289 1361 1497 1415 πράγματα
1518 1360 1622 1401 οὕτω
1643 1361 1786 1401 πάντα·
1817 1360 1947 1402 ὁποῖοι

306 1434 378 1489 γὰρ
424 1434 469 1476 ἄν
515 1450 614 1480 τινες
661 1435 755 1476 ὦσιν
802 1435 838 1475 οἱ
884 1436 1104 1490 χρώμενοι,
1152 1437 1323 1476 τοιαῦτα·
1358 1436 1421 1476 καὶ
1468 1435 1517 1476 τὰ
1562 1435 1771 1490 πράγματα
1814 1434 1946 1480 αὐτοῖς

308 1510 458 1564 ἀνάγκη
490 1509 601 1551 εἶναι.

421 1585 470 1626 In
515 1586 562 1626 fr.
594 1585 650 1627 58
691 1585 904 1640 Antiphon
949 1591 1110 1637 monet,
1156 1599 1206 1627 ne
1244 1585 1337 1640 quis
1375 1586 1463 1641 spei
1501 1585 1677 1627 nocendi
1714 1584 1942 1640 indulgeat.

306 1659 422 1710 Quod
453 1660 488 1701 si
519 1659 674 1712 fecerit,
707 1659 787 1702 sibi
819 1661 905 1715 ipse
939 1660 1120 1702 maxime
1153 1660 1337 1702 nocebit:
1374 1659 1533 1705 ἐλπίδες
1562 1661 1634 1715 γὰρ
1665 1659 1710 1701 οὖ
1741 1663 1945 1717 πανταχοῦ

308 1733 477 1789 ἀγαθόν·
516 1735 684 1779 πολλοὺς
721 1735 793 1790 γὰρ
831 1738 1003 1777 τοιαῦται
1041 1735 1195 1780 ἐλπίδες
1232 1735 1445 1791 κατέβαλον
1483 1736 1539 1780 εἰς
1576 1735 1818 1791 ἀνηκέστους
1852 1749 1945 1790 συμ-

307 1811 429 1864 φοράς
452 1812 532 1852 κτλ.
583 1810 676 1852 Tali
708 1811 820 1852 enim
851 1825 924 1866 spe
947 1811 1138 1862 efficitur,
1170 1817 1217 1852 ut
1240 1811 1368 1852 animi
1393 1810 1644 1866 cupiditates
1666 1811 1947 1866 temperantia

308 1886 541 1942 superiores
572 1886 693 1940 fiant,
734 1887 784 1927 cf.
818 1886 958 1941 Eurip.
982 1886 1129 1942 Suppl.
1151 1886 1324 1941 479sq.:
1357 1887 1466 1932 ἐλπὶς
1497 1887 1648 1942 βροτοῖς
1679 1888 1882 1937 κάκιστον,
1918 1887 1944 1942 ἢ

307 1962 455 2006 πολλὰς
486 1960 618 2006 πόλεις
647 1959 813 2017 συνῆψ’,
847 1962 1000 2016 ἄγουσα
1031 1962 1157 2016 θυμὸν
1189 1962 1244 2006 εἰς
1275 1962 1505 2017 ὑπερβολάς.
1567 1962 1864 2018 Temperantia
1884 1968 1946 2005 est

308 2042 449 2078 autem
483 2037 585 2089 eius,
619 2038 691 2093 qui
722 2037 811 2092 spei
843 2037 1017 2079 nocendi
1050 2037 1225 2079 obsistat
1257 2043 1298 2080 et
1329 2038 1459 2079 animi
1481 2037 1718 2093 voluptates
1739 2044 1944 2080 coerceat:

307 2112 566 2167 σωφροσύνην
599 2113 642 2153 δὲ
674 2113 813 2168 ἀνδρὸς
845 2112 916 2154 οὐκ
948 2111 993 2154 ἂν
1026 2113 1142 2157 ἄλλος
1175 2112 1384 2168 ὀρθότερόν
1415 2129 1469 2158 τις
1500 2113 1660 2168 κρίνειεν
1692 2113 1717 2167 ἦ
1750 2112 1856 2158 ὅστις
1876 2115 1944 2155 τοῦ

307 2190 436 2242 θυμοῦ
478 2191 561 2232 ταῖς
592 2191 837 2243 παραχρῆμα
868 2189 1024 2242 ἡδοναῖς
1057 2188 1273 2243 ἐμφράσσει
1305 2188 1422 2233 αὐτὸς
1452 2189 1592 2229 ἑαυτὸν
1625 2191 1776 2243 κρατεῖν
1807 2203 1850 2230 τε
1879 2189 1944 2230 καὶ

307 2267 414 2304 νικᾶν
459 2265 639 2319 ἠδυνήθη
684 2264 803 2309 αὐτὸς
839 2264 1075 2318 ἑαυτόν.”3)
1141 2263 1294 2306 Contra
1339 2265 1410 2319 qui
1455 2264 1623 2307 libidini
1668 2265 1944 2321 obtemperat,

429 2402 472 2444 ⁹³)
501 2402 542 2436 V.
571 2403 716 2446 Heinze,
743 2403 940 2437 Comment.
966 2403 1011 2437 ad
1038 2403 1176 2438 Lucret.
1204 2413 1238 2448 p.
1261 2403 1337 2438 182.

433 2461 477 2505 ⁹4)
510 2460 578 2507 ὅτῳ
613 2488 621 2495 .
640 2487 648 2496 .
668 2488 676 2496 .
710 2461 867 2508 βούλεται
899 2462 1092 2507 Sauppius‚
1125 2463 1312 2497 Dielesius.
1369 2464 1418 2508 τῷ
1450 2489 1457 2496 .
1478 2489 1486 2496 .
1506 2489 1514 2496 .
1548 2462 1705 2508 βούλεται
1735 2461 1833 2496 Stob.
1867 2461 1945 2496 flor.

319 2521 461 2562 104,19.
514 2520 594 2555 ὅταν
621 2548 629 2555 .
650 2547 657 2555 .
677 2548 686 2556 .
714 2521 877 2567 βούληται
907 2521 1015 2562 16,29
1043 2521 1215 2563 Blassius,
1249 2523 1313 2556 boo
1346 2524 1381 2556 et
1412 2521 1531 2556 dativo
1564 2522 1655 2567 ἀνδρί
1685 2525 1720 2555 et
1746 2521 1945 2556 sententiae

317 2580 429 2625 magis
456 2581 645 2614 convenire
673 2585 772 2625 puto.
823 2580 963 2615 Etenim
990 2581 1150 2626 sequitur
1176 2584 1258 2616 Aor.
1283 2581 1466 2625 gnomicus
1496 2581 1729 2626 ἀπεστέρησεν.

428 2638 471 2683 ⁹⁵)
500 2645 634 2686 φρονεῖν
660 2639 726 2682 <ὃὲ>
751 2639 867 2677 καλῶς
894 2639 1084 2685 Sauppius,
1111 2643 1171 2674 τοῦ
1190 2639 1305 2678 καλῶς
1322 2645 1455 2686 φρονεῖν
1481 2640 1546 2681 (δὲ)
1572 2639 1749 2674 Dielesius
1761 2640 1786 2682 ²,
1811 2644 1944 2685 φρονεῖν

310 2697 426 2735 καλῶς
452 2699 474 2732 l.
493 2710 523 2733 o.
552 2698 666 2741 16,29.
717 2698 834 2737 καλῶς
860 2703 993 2745 φρονεῖν
1023 2700 1159 2744 104,19.
1203 2700 1332 2734 Nescio
1351 2710 1398 2734 an
1415 2699 1582 2734 adverbio
1610 2699 1724 2737 καλῶς
1750 2699 1789 2733 in
1807 2702 1944 2734 textum

310 2757 495 2801 supposito
523 2756 558 2790 δὲ
585 2757 775 2802 expulsum
803 2758 860 2792 sit.

433 2815 492 2858 95ἃ)
519 2816 706 2861 Perperam
734 2817 827 2851 hunc
853 2816 968 2852 locum
996 2818 1254 2862 interpretatus
1281 2819 1336 2852 est
1361 2817 1420 2852 W.
1446 2816 1608 2852 Nestleus
1636 2816 1718 2859 (Die
1745 2815 1940 2852 Vorsolm-

309 2874 402 2908 tiker
439 2875 477 2909 in
503 2875 670 2909 Auswabl
702 2875 890 2911 ubersetzt.
941 2876 1035 2911 Jena
1063 2876 1163 2911 1908.
1205 2887 1237 2921 p.
1258 2877 1327 2918 99).
1379 2877 1501 2920 Neque
1539 2877 1632 2911 enim
1671 2876 1708 2910 id
1746 2876 1941 2920 quaeritur,

310 2932 425 2976 qualis
453 2944 531 2968 esse
558 2934 685 2968 debeat
710 2935 753 2978 is,
785 2936 846 2978 qui
880 2935 923 2970 de
955 2935 1101 2970 alterius
1133 2936 1371 2981 temperantia
1402 2937 1598 2970 rectissime
1630 2935 1775 2977 iudicet,
1792 2935 1869 2971 xsed
1894 2935 1939 2970 de
