2170 3412
986 207 1270 248 -54-

312 320 507 375 Pythicae
554 334 688 376 neque
725 320 923 362 victoriae
961 319 1122 362 navalis
1158 319 1366 376 (Βεροίας),
1391 322 1605 365 notionem
1642 324 1686 367 in
1731 324 1942 367 communi

311 395 478 450 quidem
524 409 714 437 somnone
761 409 842 437 uno
889 394 1014 436 verbo
1061 395 1291 451 composito
1337 396 1568 451 exprimere
1612 397 1816 451 solebant,
1864 398 1942 441 etsi

311 469 543 526 ναυμαχίαν,
576 469 819 524 πεζομαχίαν
852 469 985 522 (Heu,
1008 468 1160 524 Thuc.)
1190 470 1525 525 frequentabant.
1583 471 1719 515 Aliter
1749 472 1798 515 de
1830 487 1943 516 com·

312 545 458 601 positis
489 545 765 599 ὀλυμπιονίκης
796 543 1088 599 similibusque
1119 558 1183 586 res
1212 558 1256 587 se
1287 545 1426 598 habet,
1458 560 1564 601 quae
1595 546 1638 588 in
1671 546 1832 602 vulgari
1863 561 1943 591 usu

311 619 477 662 honoris
507 620 681 662 nomina
712 625 753 661 et
783 619 901 674 quasi
934 619 1078 661 titulos
1110 619 1238 662 fuisse
1277 634 1326 662 ex
1358 620 1487 662 Thuc.
1520 621 1539 662 1
1565 621 1688 672 1263
1719 619 1862 664 Κύλων
1893 622 1943 679 ἧν

307 693 522 750 Ἀθηναῖος
553 694 651 749 ἀνὴρ
678 692 988 749 Ὀλυμπιονίκης
1025 700 1067 736 et
1101 694 1249 737 Herod.
1284 695 1383 737 VIII
1414 695 1467 737 47
1500 702 1693 752 apparet:
1733 697 1831 752 ἀνὴρ
1862 698 1943 753 τρὶς

311 770 538 825 πυθιονίκης
585 770 779 814 Φάυλλος.
862 769 954 811 Huc
1004 769 1215 824 pertinent
1264 770 1436 812 nomina
1484 771 1653 827 propria
1699 771 1943 825 Πυθιόνικος,

316 843 568 897 Ἰσθμόνικος,
601 858 776 900 quarum
816 844 1042 887 femininae
1073 845 1229 887 formae
1266 853 1365 888 sunt
1398 844 1664 902 Πυθωονίκη,
1698 846 1943 904 Ἰσῦμονίκη,

310 920 533 976 praecipue
578 920 845 962 meretricum
894 919 1065 962 nomina
1106 920 1177 973 (cf.
1211 920 1393 974 Bechtel,
1435 921 1484 962 D.
1517 927 1591 963 att.
1626 922 1942 966 Frauennamen

310 1010 351 1051 p.
373 995 461 1050 53).
524 995 717 1037 Ceterum
747 995 1001 1050 ὀλυμπιονίκη
1025 1009 1097 1050 pro
1121 995 1295 1037 victoria
1317 995 1534 1051 Olympica
1564 995 1762 1039 audacter
1792 998 1944 1040 sorma-

310 1075 402 1113 tum
425 1075 487 1113 est
507 1084 580 1126 per
602 1070 837 1125 analogiam
860 1070 970 1112 vocis
988 1069 1198 1125 ἀκρόπολις
1219 1070 1288 1122 (cf.
1308 1069 1561 1125 Brugmann,
1584 1071 1652 1113 Gr.
1676 1071 1744 1113 Gr.
1767 1085 1807 1127 p.
1827 1072 1945 1127 143).

311 1146 419 1187 Nam
466 1145 501 1187 si
547 1145 732 1200 primum
773 1144 1027 1187 substantivi
1066 1145 1287 1201 compositi
1318 1146 1553 1188 membrum
1585 1151 1647 1188 est
1676 1146 1944 1200 adiectivum,

311 1221 468 1263 mutari
498 1221 604 1263 solet
642 1221 822 1262 alterum
852 1220 1104 1272 membrum,
1154 1220 1188 1262 si
1226 1227 1289 1262 est
1325 1221 1637 1263 substantivum
1672 1221 1943 1275 abstractum,

313 1297 364 1339 cf.
388 1297 539 1351 σφαγήε
573 1297 797 1351 νεοσφαγία,
829 1294 961 1349 λόγοςε
1000 1295 1232 1350 σεμνολογία
1255 1301 1331 1338 etc.
1384 1296 1711 1352 Nonnumquam
1741 1301 1944 1350 mutatur,

312 1372 477 1415 etiamsi
507 1386 591 1414 non
623 1377 685 1414 est
706 1372 975 1423 abstractum,
1008 1371 1059 1413 cf.
1093 1371 1198 1425 μήνη
1231 1387 1240 1412 :
1274 1372 1474 1426 νεομηνία,
1506 1372 1628 1427 τάφος
1660 1388 1669 1413 :
1702 1373 1943 1428 κενοτάφιον.

428 1448 587 1490 Rarum
609 1452 670 1489 est
687 1446 830 1502 Ἀληθ.
863 1447 911 1488 fr.
934 1448 988 1489 41
1023 1446 1259 1503 βιομήχανοι
1281 1447 1407 1489 Arist.
1431 1448 1482 1489 H.
1508 1448 1557 1489 Α.
1581 1448 1692 1500 9,]5.
1725 1473 1780 1478 -
1800 1447 1865 1490 Fr.
1892 1447 1945 1491 15

309 1522 457 1579 ἔμβιος,
489 1536 571 1578 quo
603 1522 914 1578 Theophrastus
945 1522 1091 1564 utitur.

394 1634 396 1636 .
424 1597 472 1640 Π.
507 1599 616 1652 ὃμον.
648 1599 696 1640 fr.
718 1598 774 1641 48
805 1597 1093 1640 θεειδέστατον·
1126 1598 1221 1639 θεοῦ
1245 1598 1348 1640 ἰδέαν
1371 1597 1479 1654 ἔχον.
1539 1598 1735 1640 Doricam
1764 1599 1942 1641 sormam

311 1673 458 1728 σιειδής
488 1673 533 1715 in
564 1673 780 1715 Alcmanis
811 1673 1035 1716 Parthenio
1067 1672 1124 1728 (v,
1149 1672 1224 1727 71)
1253 1673 1502 1715 monstravit
1524 1673 1884 1716 Wilamowitzius.

428 1747 476 1790 II.
509 1749 620 1803 ὁμον.
652 1749 699 1790 fr.
723 1748 775 1790 51
810 1748 1075 1803 ὀλιγοχρόνιος
1106 1747 1253 1790 Mimn.
1273 1749 1333 1793 ‚sr.
1357 1749 1385 1790 ἵ)
1417 1747 1495 1799 Cr.,
1535 1747 1723 1789 Democr.
1762 1748 1812 1789 fr.
1844 1747 1944 1802 285,

311 1824 464 1866 Herod.
496 1824 516 1865 I
547 1823 616 1876 38,
648 1824 729 1865 An.
762 1823 910 1865 Iambl.
943 1824 1026 1877 2‚7,
1058 1823 1165 1865 Plat.
1198 1822 1351 1865 Phaed.
1385 1822 1482 1864 870.

426 1899 491 1941 Fr.
514 1900 571 1942 60
601 1898 750 1953 ἐναρόω
782 1912 989 1954 nusquam
1013 1898 1113 1940 alibi
1133 1898 1290 1940 inveni.
1337 1897 1525 1940 Eandem
1545 1897 1707 1939 serendi
1729 1897 1944 1940 notionem

312 1975 440 2017 habet
470 1974 579 2030 ἀρόω
611 1974 670 2016 Pl.
705 1973 877 2016 Phaedr.
911 1972 1045 2027 276b‚
1078 1987 1159 2029 qua
1190 1973 1241 2015 de
1272 1987 1316 2015 re
1346 1972 1612 2015 Heindorfius
1643 1972 1695 2015 ad
1727 1972 1754 2014 l.
1777 1987 1812 2015 c.

426 2049 491 2091 Fr.
513 2049 567 2091 61
601 2048 880 2103 ἐξανδροῦσθαι
910 2063 1054 2091 rarum
1085 2049 1238 2091 Herod.
1271 2048 1312 2090 II
1344 2047 1412 2101 64,
1444 2048 1516 2090 Ar.
1549 2047 1652 2103 Equ.
1689 2047 1816 2101 1241,
1847 2047 1943 2091 Eur.

313 2125 467 2167 Phoen.
491 2124 558 2179 32,
591 2125 755 2180 saepius
787 2125 1024 2180 ἀνδροῦσθαι
1056 2124 1223 2178 Herod.,
1256 2124 1466 2179 Hippocr.‚
1500 2123 1609 2174 Eur„
1642 2122 1719 2176 P1.‚
1750 2123 1878 2165 Arist.

427 2199 494 2242 Fr.
517 2200 574 2242 54
605 2199 848 2256 ἀχαριστεῖν·
888 2199 972 2241 ἀντὶ
1008 2202 1076 2240 τοῦ
1115 2201 1170 2254 μὴ
1208 2199 1442 2255 χαρίζεσθαι
1478 2199 1676 2254 Harpocr.
1710 2197 1942 2250 adnotavit,

314 2275 425 2331 quod
456 2275 507 2317 ab
539 2280 751 2318 oratorum
788 2289 867 2317 usu
897 2275 1066 2327 recedit,
1102 2274 1174 2317 sed
1210 2274 1362 2328 legitur
1398 2274 1543 2316 eodem
1579 2287 1699 2315 sensu
1739 2287 1804 2329 ap.
1836 2273 1942 2315 Plat.

314 2355 356 2393 et
385 2350 515 2393 Arist.
578 2350 637 2392 cf.
671 2349 801 2392 Bekk.
833 2349 991 2392 Anecd.
1024 2363 1063 2405 p.
1087 2349 1227 2402 218,9.

428 2425 668 2482 Composita
698 2439 795 2467 cum
824 2425 886 2466 εὐ·
919 2425 1033 2481 apud
1064 2438 1207 2467 omnes
1243 2425 1327 2467 fere
1365 2423 1480 2466 illius
1522 2424 1674 2466 aetatis
1721 2424 1944 2479 scriptores

313 2501 468 2556 vigent.
531 2500 611 2543 Sed
643 2501 761 2543 nulla
790 2501 876 2543 fere
906 2500 1034 2542 habet
1064 2502 1163 2542 Ant.
1196 2500 1273 2542 Rh.
1306 2499 1455 2542 Postea
1484 2499 1667 2541 maxime
1698 2498 1945 2541 Aristoteles

313 2576 366 2618 iis
395 2590 495 2619 usus
526 2581 600 2619 est.

429 2651 493 2693 Fr.
517 2652 569 2694 51
603 2651 936 2707 εὐκατηγόρητοςε
976 2650 1087 2693 solus
1119 2650 1249 2692 Thuc.
1280 2650 1339 2692 VI
1373 2650 1440 2692 77.
1487 2675 1541 2680 —
1595 2649 1659 2691 Fr.
1692 2649 1747 2691 70
1791 2648 1945 2704 εὐήνιος

314 2727 527 2783 Hippocr.‚
565 2727 698 2769 Plato.
737 2752 792 2757 —-
830 2727 895 2769 Fr.
920 2726 975 2767 74
1004 2725 1182 2780 (Πολιτ.)
1219 2724 1462 2779 εὐσύμβολος
1500 2738 1572 2780 pro
1611 2723 1654 2765 εὗ
1693 2724 1941 2779 συμβάλλων.

314 2825 370 2832 -
402 2802 460 2844 Cf.
492 2802 613 2856 Gorg.
645 2803 694 2844 fr.
717 2804 742 2845 6
773 2801 984 2858 εὐόργητος
1016 2801 1144 2843 Thuc.
1178 2798 1400 2855 1122¹⁰⁸)‚
1431 2799 1550 2854 Gorg.
1573 2799 1665 2842 Hel.
1691 2801 1744 2841 14
1775 2798 1942 2851 εὐμετά-

436 2939 494 2984 ¹⁰⁸)
522 2938 649 2973 Omisit
674 2939 740 2973 hoc
766 2942 801 2972 et
827 2938 1096 2986 εὐκατηγόρητος
1122 2939 1278 2974 Wolcott
1304 2939 1328 2973 l.
1354 2948 1384 2972 c.
