2170 3412
975 229 1031 234 -
1089 205 1146 248 46
1205 229 1262 237 .-

335 352 342 360 .
367 349 376 360 .
402 352 411 361 .
434 318 533 360 κατὰ
565 319 634 372 μὲν
668 319 833 373 σώματα
871 318 1022 373 ἰατροὺς
1057 318 1180 374 λέγω,
1222 319 1320 361 κατὰ
1351 320 1394 361 δὲ
1424 320 1529 375 φυτὰ
1557 322 1765 377 γεωργούς.
1826 323 1929 378 φημὶ

298 394 370 448 γὰρ
403 395 466 435 καὶ
497 394 655 438 τούτους
686 396 766 438 τοῖς
796 396 931 448 φυτοῖς
953 393 1036 434 ἀντὶ
1058 397 1135 435 τῶν
1157 398 1339 450 πονηρῶν
1362 395 1600 450 αἰσθήσεων,
1631 395 1723 439 ὅταν
1743 412 1779 438 τι
1799 396 1929 439 αὐτῶν

298 469 468 523 οἱσῦενῇ,
506 468 682 524 χρηστὰς
718 468 782 510 καὶ
814 467 982 522 ύγιεινὰς
1011 469 1217 524 αἰσθήσεις
1247 484 1288 510 τε
1320 471 1384 511 καὶ
1415 470 1579 524 ἀληθεῖς
1609 470 1805 525 ἐμποιεῖν,
1841 472 1932 519 τοὺς
1957 521 1965 528 ·

298 543 340 585 δέ
371 559 413 598 γε
446 543 591 598 σοφούς
623 559 664 584 τε
696 544 759 585 καὶ
793 542 966 597 ἀγαθοὺς
998 543 1164 599 ῥήτορας
1194 547 1277 590 ταῖς
1307 546 1444 587 πόλεσι
1474 545 1521 587 τὰ
1550 545 1707 602 χρηστὰ
1737 546 1821 589 ἀντὶ
1850 551 1930 590 τῶν

297 621 478 674 πονηρῶν
510 619 638 660 δίκαια
668 620 797 660 δοκεῖν
829 618 927 660 εἶναι
965 622 1099 661 ποιεῖν.
1162 619 1221 662 Cf.
1255 619 1315 661 Pl.
1340 620 1449 662 Prot.
1473 620 1611 663 325d:
1654 621 1788 677 ὥσπερ
1819 621 1930 668 ξύλον

297 695 621 749 διαστρεφόμενον
678 694 743 735 καὶ
801 693 1073 749 καμπτόμενον
1124 693 1352 737 εὐθύνουσιν
1404 695 1582 741 ἀπειλαῖς
1634 697 1699 738 καὶ
1749 698 1929 753 πληγαῖς.

298 770 618 811 Accuratissime
649 774 792 810 autem
822 769 1006 824 singula,
1048 783 1155 824 quae
1186 769 1237 812 ad
1270 769 1534 826 disciplinam
1569 772 1800 827 pertinent,
1832 786 1927 815 cum

296 844 550 899 agricultura
581 844 841 899 comparavit
871 850 1016 886 auctor
1047 843 1145 886 libri
1175 845 1248 899 qui
1278 845 1521 888 inscribitur
1552 845 1685 898 Νόμος
1710 846 1928 903 (Hippocr.

297 920 352 961 IV
376 919 550 973 640L.):
589 919 699 974 ὁκοίη
737 918 810 974 γὰρ
848 923 924 960 τῶν
965 919 1004 961 ἐν
1041 923 1090 973 τῇ
1121 922 1172 975 γῇ
1205 920 1410 975 φυομένων
1443 937 1468 976 η
1500 921 1663 976 ὓεωρίη,
1701 923 1832 977 τοιήδε
1864 923 1928 965 καὶ

294 997 364 1048 τῆς
397 995 571 1049 ἰητρικῆς
601 995 626 1048 ἢ
651 994 836 1048 μάθησις.
889 1010 913 1048 η
939 996 1009 1049 μὲν
1039 994 1111 1050 γὰρ
1143 995 1281 1050 φύσις
1313 995 1448 1050 ἡμέων
1479 997 1608 1037 ὁκοῖον
1639 997 1664 1050 ἡ
1695 998 1849 1053 χώρη·
1879 997 1929 1040 τὰ

295 1070 338 1111 δὲ
369 1071 577 1124 δόγματα
609 1073 686 1110 τῶν
715 1069 974 1111 διδασκόντων
998 1071 1128 1112 ὁκοῖον
1150 1071 1197 1111 τὰ
1220 1070 1483 1126 σπέρματα·
1517 1087 1543 1126 η
1568 1071 1611 1112 δὲ
1632 1072 1927 1128 παιδομαῦίη

294 1145 337 1186 τὸ
369 1144 471 1186 καθ’
501 1145 626 1200 ὥρην
658 1144 756 1186 αὐτὰ
787 1149 921 1186 πεσεῖν
952 1145 1008 1190 εἰς
1038 1145 1108 1200 τὴν
1140 1145 1309 1200 ἄρουραν
1340 1146 1412 1199 (cf.
1446 1146 1555 1188 Prot.
1587 1147 1636 1188 fr.
1660 1147 1699 1189 3.
1736 1146 1928 1191 Democr.

293 1221 342 1262 fr.
367 1219 483 1272 183).
546 1221 566 1261 ὁ
604 1221 648 1262 δὲ
684 1221 819 1269 τόπος,
859 1220 898 1261 ἐν
929 1218 963 1276 ᾧ
997 1222 1022 1276 ἡ
1056 1221 1245 1276 μάθησις,
1284 1222 1414 1263 ὁκοῖον
1446 1237 1471 1276 η
1505 1221 1549 1264 ἐκ
1579 1225 1647 1263 τοῦ
1677 1222 1928 1279 περιέχοντος

294 1295 411 1351 ἠέρος
442 1296 567 1350 τροφὴ
599 1295 804 1350 γιγνομένη
836 1299 936 1337 τοῖσι
968 1295 1237 1350 φυομένοισιν·
1270 1297 1295 1350 ἢ
1328 1297 1371 1337 δὲ
1402 1297 1678 1352 φιλοπονίη,
1715 1296 1925 1353 ἐργασίη’

294 1371 314 1412 ὁ
338 1371 380 1412 δὲ
402 1370 572 1426 χρόνος
604 1374 726 1412 ταῦτα
758 1371 929 1427 ἐνισχύει
960 1372 1098 1420 πάντα,
1131 1373 1185 1417 ὡς
1206 1375 1397 1427 τραφῆναι
1430 1371 1583 1416 τελέως.
1628 1372 1782 1415 Eodem
1803 1373 1926 1416 modo

294 1446 508 1502 Antiphon
553 1447 598 1488 in
640 1447 688 1488 fr.
727 1446 783 1489 60
828 1446 1011 1489 indolem
1058 1461 1151 1489 cum
1196 1461 1312 1502 agr0,
1351 1447 1583 1489 doctrinam
1621 1462 1716 1489 cum
1751 1449 1925 1501 semine,

292 1527 501 1563 maturam
533 1522 822 1564 educationem
855 1536 948 1564 cum
979 1526 1166 1564 semente
1198 1528 1376 1573 matura,
1409 1522 1584 1565 alteram
1607 1528 1801 1566 naturam
1822 1522 1925 1566 edu·

291 1597 454 1639 catione
485 1602 670 1639 creatam
701 1598 771 1652 (ef.
806 1597 996 1639 Demoor.
1028 1598 1076 1639 fr.
1101 1597 1177 1652 33)
1200 1611 1296 1639 cum
1317 1598 1520 1640 fructibus
1543 1598 1766 1654 praeclaris
1789 1598 1925 1641 verbis

291 1678 519 1728 comparat.

405 1747 700 1789 Duemmlerus
732 1747 973 1803 Euripidem
1005 1748 1105 1790 Hec.
1127 1747 1308 1802 592sqq.
1343 1747 1519 1790 eandem
1556 1749 1641 1791 fere
1670 1749 1924 1791 sententiam

291 1828 416 1878 atque
439 1822 740 1878 Antiphontem
774 1823 920 1865 eadem
949 1823 1226 1865 similitudine
1257 1823 1508 1879 expressisse
1534 1823 1655 1866 nobis
1675 1823 1925 1879 persuadere

289 1897 549 1952 studuit.¹⁰²)
596 1898 831 1954 Utrumque
863 1898 974 1940 enim
1006 1898 1049 1940 in
1082 1913 1128 1940 eo
1160 1912 1382 1954 congruere
1413 1899 1613 1952 affirmat,
1645 1899 1755 1954 quod
1787 1899 1924 1955 qualis

289 1979 515 2030 tempestas
553 1974 698 2027 suerit,
735 1974 864 2030 talem
902 1975 1084 2016 fructum
1118 1974 1204 2016 fore
1235 1974 1366 2026 dicat,
1399 1974 1581 2016 hominis
1613 1980 1806 2016 naturam
1838 1975 1925 2017 ulla

288 2064 332 2092 re
374 2049 530 2092 mutari
567 2063 687 2106 posse
724 2054 859 2104 neget.
921 2049 1047 2091 Recte
1085 2049 1378 2092 Duemmlerus
1415 2049 1465 2091 de
1503 2049 1701 2106 Euripide
1738 2050 1922 2106 quidem,

289 2125 361 2180 qui
399 2139 565 2167 omnem
602 2126 714 2168 inter
745 2125 831 2179 agri
864 2130 905 2166 et
936 2125 1067 2166 animi
1098 2125 1259 2166 cultum
1290 2124 1610 2167 similitudinem
1642 2126 1815 2178 refutat,
1850 2125 1923 2168 sed

287 2200 399 2242 idem
446 2214 664 2257 perperam
708 2200 760 2243 de
797 2200 1077 2255 Antiphonte,
1125 2199 1196 2255 qui
1242 2199 1482 2254 longissime
1527 2201 1579 2242 ab
1622 2200 1695 2242 illo
1737 2200 1920 2244 dissidet.

288 2275 395 2317 Nam
431 2275 534 2318 illud
574 2275 684 2331 quod
721 2276 840 2318 aiunt
877 2275 946 2317 ‘ut
981 2280 1211 2317 sementem
1250 2275 1396 2318 feceris
1432 2275 1494 2317 ita
1529 2274 1673 2317 metes'
1710 2290 1758 2319 eo
1788 2276 1922 2332 magis

289 2350 340 2392 ad
373 2350 664 2393 educationem
700 2352 909 2407 pertinere
949 2356 1088 2406 putat,
1129 2350 1239 2405 quod
1279 2335 1349 2404 ea,
1387 2365 1494 2406 quae
1525 2351 1747 2408 disciplina
1777 2353 1924 2395 effecta

288 2426 391 2479 sint,
429 2426 547 2468 nulla
584 2440 627 2468 re
664 2426 791 2468 deleri
829 2426 1007 2482 possint,
1054 2440 1148 2468 cum
1187 2440 1302 2481 seges
1338 2440 1460 2482 saepe
1499 2431 1573 2468 aut
1608 2426 1813 2469 imbribus
1849 2432 1922 2470 aut

286 2501 544 2543 siccitatibus
583 2506 883 2557 corrumpatur.
946 2502 1008 2543 Ac
1039 2515 1091 2544 ne
1122 2501 1267 2544 eadem
1299 2501 1467 2557 quidem
1500 2502 1777 2546 similitudine
1808 2507 1920 2545 uter-

288 2589 368 2630 que
399 2577 553 2618 utitur:
585 2576 803 2633 Euripides
834 2576 1124 2619 educationem
1158 2591 1253 2618 cum
1283 2581 1544 2633 tempestate,
1576 2577 1794 2632 Antiphon
1825 2591 1919 2620 cum

288 2656 473 2694 semente
519 2657 750 2707 comparat3
798 2651 1015 2707 Euripides
1059 2651 1243 2694 indolem
1291 2652 1379 2694 sive
1426 2653 1577 2695 bonam
1618 2651 1706 2694 sive
1749 2652 1919 2706 malam,

287 2725 503 2782 Antiphon
541 2726 786 2769 eruditionis
824 2719 1116 2769 excellentiam
1153 2727 1361 2782 exstingui
1399 2741 1516 2783 posse
1554 2733 1689 2782 negat.
1749 2727 1831 2770 Sed
1867 2728 1921 2770 de

288 2801 364 2843 hoc
395 2802 509 2843 satis.

406 2938 464 2981 ¹⁰²)
490 2939 512 2975 l.
539 2949 567 2974 e.
595 2950 630 2984 p.
653 2939 718 2974 175
733 2950 785 2986 sq.
813 2940 903 2983 (23).
