2170 3412
892 277 1177 320 „67-

219 399 261 437 et
291 394 420 436 Aiace
449 393 625 436 senariis
645 393 734 437 sive
755 393 939 437 numeris
960 393 1150 436 iambicis
1181 393 1252 448 (cf.
1275 393 1343 436 Ai.
1368 394 1406 435 5.
1439 392 1514 435 Od.
1539 394 1578 436 9.
1604 392 1678 447 1⁶2)
1709 393 1845 435 obser-

219 469 326 512 vatis
371 474 592 524 utramque
637 469 867 512 orationem
911 469 964 511 ab
1006 468 1174 511 homine
1217 468 1353 512 nescio
1399 482 1482 523 quo
1528 482 1577 510 ex
1624 468 1845 522 tragoediis

217 544 464 600 quibusdam
488 545 531 587 in
555 558 718 601 prosam
740 558 901 587 versam
933 549 1076 601 postea
1098 543 1336 587 Antistheni
1361 558 1574 600 perperam
1597 544 1844 586 attributam

216 634 303 663 esse
333 620 411 662 sibi
444 619 663 676 persuasit.
726 619 785 662 De
807 619 1058 662 Antisthene
1089 619 1201 662 enim
1224 624 1392 662 auctore
1412 618 1595 662 dubitari
1627 618 1730 661 adeo
1761 632 1844 661 non

217 695 448 752 potest¹⁸⁰)‚
482 700 531 738 ut
559 694 832 738 statuendum
863 709 950 737 esse
980 694 1083 737 mihi
1117 694 1307 737 videatur
1337 708 1432 737 eum
1459 694 1709 751 scriptorum
1729 694 1844 737 illius

214 771 369 813 saeculi
391 784 518 823 more,
550 770 791 827 praesertim
814 785 907 813 cum
931 769 1164 825 tragoediae
1186 783 1383 826 personas
1405 769 1635 823 induceret,
1666 784 1843 826 quarum

215 846 381 888 dicendi
427 845 632 888 rationem
678 845 933 899 imitaretur,
988 845 1218 902 pedestrem
1272 845 1504 888 orationem
1549 845 1602 888 ad
1649 859 1842 888 versuum

213 921 478 964 altitudinem
509 920 740 974 sustulisse,
772 920 814 963 id
847 920 956 976 quod
989 926 1131 976 postea
1161 920 1256 962 inde
1289 920 1340 963 ab
1374 921 1552 964 Isocrate
1584 933 1657 978 pro
1678 934 1842 964 summo

215 996 316 1039 vitio
363 996 608 1046 habebatur,
656 996 708 1038 cf.
741 996 869 1038 Arist.
902 996 1020 1038 Rhet.
1057 995 1086 1037 Γ
1116 995 1143 1038 8
1182 996 1332 1051 ῥυθμὸν
1369 997 1430 1038 δεῖ
1466 994 1572 1052 ἔχειν
1609 996 1675 1038 τὸν
1713 996 1842 1051 λόγον,

213 1071 354 1128 μέτρον
395 1072 439 1114 δὲ
477 1071 552 1126 μή·
599 1071 749 1127 ποίημα
785 1072 858 1127 γὰρ
889 1070 1010 1114 ἔσται.
1073 1071 1255 1114 Demetr.
1288 1071 1338 1114 de
1370 1071 1470 1114 eloc.
1507 1071 1588 1113 118
1618 1072 1769 1128 ψυχρὸν
1799 1072 1844 1113 δὲ

213 1148 276 1190 καὶ
310 1149 353 1190 τὸ
386 1147 505 1204 μέτρα
542 1146 690 1189 τιθέναι
728 1151 891 1204 συνεχῆ,
929 1148 1109 1202 καθάπερ
1145 1147 1255 1195 τινές,
1295 1148 1357 1189 καὶ
1397 1148 1451 1202 μὴ
1492 1147 1736 1200 κλεπτόμενα
1767 1148 1842 1190 ὑπὸ

212 1226 281 1278 τῆς
314 1221 645 1280 συνεχείας·“”“)
674 1223 826 1278 ποιήμα
856 1222 928 1278 γὰρ
960 1222 1113 1278 ἅκειρον
1151 1221 1315 1278 ψυχρόν.
1381 1224 1494 1273 Quae
1525 1236 1619 1265 cum
1658 1222 1702 1265 in
1738 1222 1842 1266 alios

212 1304 303 1342 tum
335 1299 376 1341 in
411 1298 712 1356 Antiphontem
745 1298 913 1341 cadunt.

325 1374 363 1416 A
394 1374 629 1430 granditate
662 1374 913 1430 reliquorum
945 1375 1271 1428 fragmentorum
1303 1373 1483 1430 'paulum
1517 1372 1763 1417 descendere
1798 1388 1843 1416 re

209 1449 300 1505 ipsa
330 1454 496 1491 coactus
526 1453 589 1491 est
621 1448 663 1490 in
693 1449 743 1493 fr..
775 1448 844 1500 54,
884 1447 955 1489 nbi
993 1447 1176 1490 fabulam
1216 1461 1329 1490 more
1360 1447 1558 1490 Herodoti
1596 1447 1842 1504 simpliciter

209 1527 363 1575 narrat,
395 1537 649 1579 quamquam
681 1537 734 1566 ne
764 1523 806 1565 in
838 1522 916 1565 hac
947 1521 1117 1578 quidem
1156 1522 1393 1564 narratione
1430 1536 1455 1564 a
1492 1522 1633 1576 liguris
1673 1523 1841 1565 omniuo

208 1596 424 1639 abstinuit.
486 1597 543 1640 Ut
571 1596 719 1650 solent,
752 1596 919 1639 initium
954 1597 1050 1638 facit
1082 1595 1293 1648 narrandi,
1325 1610 1420 1638 cum
1452 1596 1572 1638 dicit:
1611 1594 1693 1637 ἔστι
1723 1596 1766 1638 δέ
1787 1612 1843 1642 τις

206 1668 334 1725 λόγος,
366 1671 422 1716 ὡς
442 1703 452 1713 .
477 1703 501 1721 .,
534 1671 585 1713 cf.
618 1671 785 1713 initium
818 1670 953 1727 griphi
977 1669 1189 1726 popularis
1210 1669 1316 1716 αἷνός
1337 1670 1392 1716 τίς
1414 1669 1530 1724 ἐστιν,
1562 1672 1617 1715 ὡς
1638 1670 1736 1726 ἀνήρ
1759 1673 1840 1712 κτλ.

207 1743 337 1786 Anth.
383 1743 459 1799 lyr.
506 1745 620 1787 XXX
668 1745 755 1800 Cr.)
827 1745 1085 1801 Antiquae
1133 1744 1494 1801 simplicitatis
1545 1750 1609 1787 est
1654 1759 1703 1787 cx
1753 1745 1840 1801 ipsa

207 1818 445 1861 narratione
478 1819 655 1862 transire
687 1820 729 1861 in
760 1819 989 1862 orationem
1013 1818 1230 1874 directam,
1263 1818 1382 1861 cuius
1403 1818 1463 1861 rei
1484 1818 1676 1875 exempla
1697 1819 1841 1862 attulit

206 1898 351 1936 auctor
381 1893 477 1935 libri
511 1892 604 1949 Περὶ
637 1894 761 1949 ὕψους
795 1892 1054 1947 xxv11¹³¹).
1116 1892 1230 1936 Idem
1264 1898 1326 1935 est
1349 1892 1622 1948 Antiphontis
1662 1907 1760 1936 usus
1796 1893 1837 1936 in

209 1968 254 2010 fr.
286 1968 361 2011 54:
393 1968 415 2010 ὁ
446 1967 475 2009 δ’
506 1967 622 2010 αὐτὸν
654 1967 811 2010 ἐκέλευε
843 1968 897 2023 μὴ
929 1967 1157 2023 φροντίζειν,
1189 1966 1290 2009 ἀλλὰ
1316 1966 1484 2022 νομίζειν
1506 1967 1617 2023 αὑτῷ
1639 1966 1737 2010 εἶναι
1759 2000 1769 2011 .
1793 2001 1802 2010 .
1826 2000 1836 2009 .

199 2040 374 2087 ἱπειίντως
403 2041 478 2098 γὰρ
509 2041 588 2084 οὐδ’
624 2042 690 2084 ὅτε
721 2042 768 2099 ἦν
799 2040 873 2084 σοι’
910 2044 992 2084 κτλ.

321 2116 368 2159 In
401 2116 768 2172 coniungendis
791 2121 931 2159 autem
953 2115 1224 2158 sententiis
1245 2115 1387 2158 omnia
1408 2115 1640 2171 fragmenta
1660 2116 1835 2159 eandem

205 2189 517 2247 simplicitatem
550 2190 762 2234 exhibent.
826 2190 968 2247 Neque
1000 2190 1110 2233 enim
1146 2190 1213 2232 via
1244 2204 1292 2232 ac
1313 2189 1474 2232 ratione
1496 2190 1710 2246 Antiphon
1742 2204 1835 2247 pro-

206 2263 329 2318 cedit,
359 2264 431 2307 sed
464 2264 587 2307 rebus
619 2264 719 2321 ipsis
740 2264 859 2321 quasi
882 2278 1005 2307 amne
1028 2266 1179 2307 fertur.
1251 2264 1623 2306 Coniunctionibus
1657 2263 1714 2313 δέ,
1752 2265 1828 2317 καί,

204 2339 278 2396 γάρ
308 2338 540 2382 sententiae
570 2339 881 2393 continuantur,
915 2339 979 2381 cui
1014 2339 1070 2380 rei
1103 2337 1285 2380 maxime
1317 2337 1565 2381 documento
1596 2343 1659 2381 est
1689 2339 1736 2380 fr.
1766 2340 1833 2382 58.

321 2415 582 2470 Quamquam
631 2413 757 2468 igitur
802 2413 844 2455 in
893 2413 956 2455 his
1010 2411 1178 2468 quidem
1232 2412 1476 2467 fragmentis
1527 2413 1833 2469 compositio

207 2487 452 2544 plerumque
496 2487 673 2545 simplex
719 2493 784 2531 est
828 2493 870 2530 et
915 2486 1144 2544 perspicua,
1193 2491 1332 2529 tamen
1378 2500 1695 2543 nonnumquam
1732 2488 1832 2542 figu-

329 2667 387 2713 ¹⁸⁰)
411 2667 455 2702 ef.
475 2666 721 2707 Wilamowitz,
748 2666 798 2701 De
818 2669 907 2711 trag.
927 2667 1048 2700 (iraec.
1068 2665 1274 2711 fragmentis
1292 2676 1326 2711 p.
1348 2665 1388 2699 19
1403 2676 1456 2711 sq.
1486 2664 1560 2700 Iud.
1579 2664 1695 2700 Schol.
1714 2664 1832 2702 Goett.

210 2727 309 2763 1893.
338 2747 377 2753 —
407 2726 508 2762 Blass
535 2727 577 2761 A.
597 2725 636 2761 B.
663 2725 692 2760 11
718 2725 800 2760 338.

326 2786 408 2828 ιιοιι)
435 2785 472 2821 ld
499 2786 616 2831 ipsum
649 2784 877 2820 statuendum
906 2795 985 2819 esse
1011 2786 1096 2829 puto
1123 2784 1166 2819 de
1194 2783 1419 2819 Antisthenis
1446 2783 1738 2819 declamationum
1764 2795 1829 2820 nu—

206 2846 310 2882 meris
338 2845 509 2888 iambicis,
542 2855 754 2891 quamquam
787 2844 890 2879 aliter
921 2843 1054 2879 iudicat
1079 2843 1298 2890 Altweggius
1326 2844 1376 2889 (p.
1394 2843 1468 2888 59),
1502 2854 1604 2889 quem
1631 2843 1831 2879 accuratius

204 2904 284 2941 illos
309 2915 475 2940 numeros
506 2915 584 2940 sero
617 2904 767 2950 cognovi
794 2903 1001 2939 enucleasse
1033 2903 1070 2939 in
1101 2902 1192 2939 libro
1219 2902 1410 2938 Basiliensi
1441 2903 1586 2938 Juvonee
1617 2903 1690 2937 dum
1722 2915 1831 2939 sumus

203 2963 321 3008 (Basel
353 2963 455 3006 1907)
481 2975 515 3009 p.
534 2963 579 2998 52
594 2973 670 3009 sqq.

326 3023 383 3069 ¹²¹)
410 3022 453 3060 cf.
482 3022 624 3060 Norden
650 3022 671 3058 Ι.
690 3034 720 3058 c.
747 3033 780 3068 p.
797 3021 856 3058 38.
