2170 3412
880 215 1165 257 ...13-

206 329 314 372 alter
356 328 476 371 alteri
521 342 658 384 neque
703 328 884 371 confidat
926 343 1062 384 neque
1107 335 1333 371 succurrat.
1396 330 1513 381 Quod
1559 331 1594 373 si
1641 332 1838 392 facerent,

205 417 413 446 summam
445 403 672 445 utilitatem
705 403 968 459 perciperent
998 418 1020 446 e
1053 403 1164 446 vitae
1194 404 1405 446 societate.
1486 405 1552 446 Ad
1591 405 1774 459 ὁμόνοιαν
1788 405 1841 460 ²⁴)

205 479 307 521 haec
338 479 545 534 pertinere
576 478 669 534 quis
698 491 782 520 non
813 477 955 520 videt?
987 478 1031 520 Si
1063 479 1169 521 sorte
1201 479 1294 534 quis
1326 478 1505 533 dubitet,
1527 481 1711 523 conferat
1733 495 1840 536 quae

205 552 257 595 de
303 552 447 595 eadem
486 563 530 595 re'
566 553 757 608 exposuit
788 553 1051 610 Democritus
1086 554 1135 595 fr.
1158 554 1262 596 255:
1314 553 1405 595 ὅταν
1442 555 1477 595 οἱ
1515 556 1724 608 δυνάμενοι
1761 560 1840 601 τοῖς

207 628 262 683 μὴ
295 627 433 684 ἔχουσι
462 629 527 670 καὶ
559 629 807 684 προτελεῖν
839 628 1035 681 τολμέωσι
1057 629 1121 670 καὶ
1153 629 1404 684 ὑπουργεῖν
1435 630 1500 670 καὶ
1530 631 1839 686 χαρίζεσθαι,

204 703 247 745 ἐν
292 704 415 759 τούτῳ
458 703 535 758 ἤδη
582 705 644 744 καὶ
689 705 732 744 τὸ
778 704 953 758 οἰκτίρειν
996 702 1120 746 ἔνεστι
1155 705 1219 746 καὶ
1258 705 1312 759 μὴ
1352 705 1524 759 ἐρήμους
1561 705 1659 747 εἶναι
1696 707 1759 748 καὶ
1796 708 1840 748 τὸ

205 778 382 834 ἑταίρους
410 778 597 833 γίνεσθαι,
628 778 691 819 καὶ
722 778 766 819 τὸ
798 778 955 830 ἀμύνειν
989 779 1192 833 ἀλλήλοισι
1221 780 1285 820 καὶ
1321 779 1427 824 τοὺς
1463 781 1693 835 πολιήτας
1730 782 1840 833 ὁμο-

203 852 343 899 νόους
372 852 497 894 εἶναι
528 854 591 894 καὶ
622 852 722 894 ἄλλα
753 854 899 907 ἀγαθά,
932 854 1035 896 ἅσσα
1065 853 1193 899 οὐδεὶς
1225 853 1270 895 ἄν
1301 854 1455 896 δύναιτο
1486 855 1704 900 καταλέξαι.
1766 857 1842 898 His

202 927 340 970 verbis
370 928 475 970 nihil
510 928 601 984 plus
633 928 684 970 ad
717 929 980 971 concordiam
1013 929 1243 985 augendam
1277 929 1414 971 valere
1445 930 1708 972 Democritus
1740 931 1843 974 dicit

204 1017 329 1059 quam
361 1003 403 1045 id
436 1004 589 1059 ipsum,
621 1004 731 1059 quod
763 1005 978 1060 Antiphon
1020 1005 1262 1047 hominibus
1302 1005 1539 1048 faciendum
1577 1019 1663 1048 esse
1700 1006 1843 1049 fabula

204 1078 336 1122 docet.
417 1080 682 1135 Quamquam
721 1079 788 1122 hic
824 1095 907 1122 non
944 1087 1030 1122 tam
1070 1080 1375 1123 humanitatem
1415 1082 1646 1136 respexisse
1677 1082 1843 1124 videtur

203 1168 328 1210 quam
370 1154 612 1197 utilitatem.
673 1155 754 1197 Sed
801 1156 928 1197 etiam
976 1155 1089 1198 aliud
1137 1161 1428 1210 argumentum
1478 1157 1710 1210 afferamus,
1759 1170 1841 1213 quo

203 1229 540 1285 interpretationi
571 1235 737 1272 nostrae
770 1230 969 1272 maiorem
1001 1231 1123 1273 fidem
1156 1230 1372 1272 addamus.
1435 1231 1580 1287 Neque
1608 1232 1720 1274 enim
1753 1232 1841 1288 ipse

203 1304 416 1360 Antiphon
449 1304 634 1346 fabulam
669 1306 802 1359 finxit,
835 1305 906 1347 sed
946 1305 1146 1348 traditam
1176 1306 1237 1348 ita
1268 1307 1463 1354 mutavit,
1499 1313 1545 1349 ut
1575 1307 1839 1363 propositum

204 1384 505 1435 assequeretur.
566 1379 712 1422 Exstat
757 1381 870 1422 enim
919 1380 1063 1422 eadem
1110 1382 1206 1435 fere,
1254 1395 1361 1436 quae
1410 1390 1584 1424 vocatur
1621 1382 1840 1439 Aesopica,

203 1453 336 1496 multo
373 1468 472 1496 sane
513 1454 736 1511 posteriore
774 1460 912 1497 aetate
950 1457 1086 1498 verbis
1123 1463 1309 1512 excepta,
1348 1471 1474 1512 quam
1512 1457 1549 1499 si
1586 1471 1683 1500 cum
1719 1458 1841 1499 Anti-

204 1528 371 1584 phontis
417 1530 656 1572 narratione
702 1530 1015 1584 contulerimus,
1062 1530 1163 1587 quid
1211 1531 1283 1573 ille
1320 1531 1542 1586 addiderit,
1580 1531 1840 1586 elucebit²⁵).

204 1603 407 1646 Narratur
437 1604 564 1659 igitur
585 1619 758 1647 avarum
781 1605 991 1660 quendam
1014 1620 1058 1648 re
1079 1619 1155 1648 sua
1177 1605 1219 1648 in
1244 1607 1463 1662 pecuniam
1485 1607 1655 1650 redacta
1675 1607 1840 1662 glebam

202 1678 291 1720 auri
323 1692 503 1734 parasse,
535 1692 660 1733 quam
685 1678 903 1731 defossam,
925 1679 1002 1722 etsi
1023 1679 1095 1722 ille
1117 1680 1268 1722 cotidie
1290 1681 1585 1733 observaverit,
1603 1683 1841 1737 operarium

202 1751 385 1808 aliquem
430 1753 691 1810 surripuisse.
760 1754 864 1797 Cum
910 1759 1051 1797 autem
1097 1755 1169 1798 ille
1214 1755 1481 1798 vehementer
1525 1756 1840 1810 lamentaretur,

202 1828 467 1871 admonuisse
507 1843 601 1871 eum
639 1830 866 1885 quendam:
916 1830 1007 1871 ἰδὼν
1053 1830 1096 1872 δέ
1141 1846 1198 1875 τις
1233 1830 1351 1872 αὐτὸν
1395 1832 1695 1885 ὑπερπαθοῦντα
1734 1831 1839 1886 (412

203 1903 511 1958 ὀλοφυρόμενον)
542 1907 606 1945 καὶ
636 1906 706 1959 τὴν
737 1905 860 1947 αἰτίαν
893 1906 1048 1959 μαθών,
1080 1904 1157 1960 ἔφη
1180 1909 1276 1961 πρὸς
1307 1906 1442 1948 αὐτόν·
1470 1905 1546 1962 ζμὴ
1574 1909 1716 1960 λυποῦ,
1740 1907 1840 1948 ἀλλὰ

202 1972 333 2028 λαβὼν
364 1973 471 2014 λίθον
503 1974 543 2015 ἐν
575 1977 630 2029 τῷ
663 1974 770 2030 αὐτῷ
802 1974 912 2030 τόπῳ
945 1975 1129 2025 κατάθες,
1161 1977 1225 2017 καὶ
1257 1974 1389 2028 νόμιζε
1409 1977 1454 2017 τὸ
1475 1977 1640 2032 χρυσίον
1663 1978 1839 2018 κεῖσθαι·

201 2046 293 2089 οὐδὲ
323 2050 408 2103 γάρ,
441 2047 505 2090 ὅτε
535 2048 597 2104 ἦν,
629 2049 738 2105 ἐχρῶ
771 2049 902 2104 αὐτῷ]
986 2050 1097 2092 Haec
1135 2064 1230 2092 vero
1270 2065 1400 2106 paene
1437 2051 1488 2093 ad
1530 2052 1704 2094 verbum
1743 2066 1840 2094 con-

201 2128 357 2177 gruunt
402 2138 497 2166 cum
535 2124 600 2176 iis,
646 2139 753 2180 quae
800 2125 870 2167 ille
916 2125 1027 2181 apud
1070 2125 1375 2181 Antiphontem
1420 2126 1540 2168 dicit:
1588 2127 1608 2168 ὃ
1650 2126 1684 2168 δ’
1723 2127 1839 2169 αὐτὸν

202 2197 359 2240 ἐκέλευε
395 2199 450 2254 μὴ
490 2199 716 2254 φροντίζειν,
755 2200 854 2241 ἀλλὰ
892 2200 1058 2254 νομίζειν
1095 2201 1203 2255 αὐτῷ
1247 2200 1343 2242 εἶναι
1383 2203 1446 2243 καὶ
1487 2203 1539 2257 μὴ
1579 2203 1838 2255 ἀπολωλέναι,

204 2273 471 2328 καταθέμενον
502 2275 612 2316 λίθον
645 2276 699 2320 εἰς
729 2276 772 2317 τὸ
805 2275 899 2317 αὐτὸ
931 2271 1096 2331 χωρίον·
1126 2271 1303 2322 ’πάντως
1345 2277 1418 2332 γὰρ
1454 2276 1537 2318 οὐδ’
1583 2277 1649 2319 ’ὅτε
1686 2277 1733 2334 ἦν
1766 2293 1841 2328 σοι,

201 2348 311 2405 ἐχρῶ
341 2348 468 2405 αὐτῷ,
500 2348 592 2391 ὅθεν
625 2350 726 2406 μηδὲ
756 2353 822 2392 νῦν
853 2350 985 2403 νόμιζε
1019 2350 1223 2406 στέρεσθαι
1245 2350 1439 2407 μηδενός.’
1518 2352 1597 2395 Sed
1622 2353 1839 2410 Antiphon

200 2423 411 2467 hominem
451 2439 624 2467 avarum
662 2439 744 2468 non
782 2440 931 2468 aurum
970 2426 1173 2469 defodisse
1210 2434 1365 2481 narrat,
1410 2427 1482 2469 sed
1528 2442 1723 2483 magnam
1771 2443 1840 2485 pe·

201 2499 367 2541 cuniam
407 2500 543 2542 nescio
581 2514 663 2556 quo
701 2500 789 2544 loco
828 2501 1079 2557 deposuisse.
1142 2501 1267 2545 Deest
1305 2503 1347 2544 in
1384 2503 1529 2545 fabula
1564 2505 1768 2560 Aesopica
1804 2504 1841 2547 is

202 2574 273 2630 qui
310 2574 362 2616 ab
400 2574 530 2617 altero
578 2580 706 2631 petat,
753 2582 799 2618 ut
836 2576 1055 2632 pecuniam
1093 2576 1174 2619 sibi
1212 2578 1281 2620 det
1323 2579 1477 2621 fenore.
1544 2578 1659 2621 Idem
1697 2585 1838 2622 autem

204 2648 313 2705 apud
352 2649 653 2706 Antiphontem
691 2650 811 2693 illum
851 2651 1090 2708 alloquitur.
1152 2652 1255 2695 Cum
1293 2653 1420 2709 igitur
1457 2653 1600 2696 sabula
1636 2655 1840 2711 Aesopica

205 2723 309 2766 nihil
346 2724 461 2767 aliud
497 2724 643 2769 doceat
678 2726 758 2768 nisi
802 2726 896 2768 hoc:
938 2726 994 2767 ὅτι
1033 2726 1144 2768 οὐδέν
1182 2727 1284 2770 ἐστιν
1321 2728 1346 2783 ἡ
1385 2732 1565 2784 κτῆσις,
1604 2728 1672 2771 ἐὰν
1711 2730 1765 2785 μὴ
1813 2731 1838 2786 ἡ

320 2839 366 2884 ²⁴)
393 2839 599 2876 Gemaee‘minn
625 2841 797 2887 Gomperz
823 2842 845 2876 1.
865 2853 893 2877 c.
920 2853 954 2886 p.
973 2842 1054 2877 350.

325 2899 367 2941 ²⁵)
397 2899 437 2934 ln
457 2899 585 2935 Halmii
604 2900 760 2936 editione
786 2902 907 2936 eadem
933 2901 1054 2936 sabula
1072 2902 1176 2937 etiam
1196 2902 1300 2938 aliter
1317 2907 1460 2939 narrata
1478 2907 1532 2939 est
1556 2904 1638 2947 (412
1658 2908 1694 2940 et
1709 2905 1825 2948 41211)

203 2958 302 3000 Quae
328 2959 552 2995 narrationes
578 2970 656 2995 cum
683 2969 754 2995 non
774 2961 903 3005 verbis,
929 2967 963 2995 at
983 2961 1088 2996 rebus
1109 2967 1319 3008 congruant,
1345 2963 1491 2998 alteram
1511 2963 1611 2999 4121>
1636 2974 1825 3009 sequemur
