2170 3412
882 210 1168 253 -39-

206 324 515 382 succedunt.⁹¹)
576 326 638 368 De
683 325 828 368 eadem
865 339 909 368 re
946 325 1030 368 alia
1065 323 1342 368 similitudine
1377 323 1463 366 iam
1501 323 1706 366 Homerus
1743 337 1843 365 usus

209 407 272 445 est
300 401 370 457 (ΙΙ.
392 401 451 443 VI
476 401 590 455 145).

322 476 372 518 In
408 476 457 518 fr.
481 475 554 518 52:
591 473 810 517 ἀναθέσθαι
846 474 891 516 δὲ
926 475 1061 530 ὥσπερ
1098 474 1236 515 πεττὸν
1273 473 1339 515 τὸν
1377 473 1459 528 βίον
1497 471 1568 514 οὐκ
1605 470 1706 514 ἔστιν
1736 472 1842 526 (ἀντὶ

208 554 277 594 τοῦ
307 550 459 593 ἄνωθεν
491 551 629 607 βιῶναι
660 549 974 604 μετανοήσαντας
1003 549 1069 591 ἐπὶ
1098 552 1156 605 τῷ
1180 548 1359 604 προτέρῳ
1383 547 1455 604 βίῳ
1478 546 1678 604 Harpoc.)
1701 560 1843 588 rursus

209 626 388 670 occurrit
416 625 552 668 simile
583 624 791 681 quoddam
822 624 1052 681 Euripidis,
1090 638 1172 680 quo
1209 624 1392 666 maxime
1422 622 1573 665 nititur
1604 622 1843 664 Duemmle-

210 700 357 756 rus⁹')‚
388 707 435 744 ut
465 706 630 758 poetam
662 699 874 756 sophistae
903 699 1196 742 auctoritatem
1232 705 1421 741 secutum
1453 711 1542 740 esse
1573 697 1842 740 demonstret.

209 777 318 820 Nam
355 776 500 833 Suppl.
533 790 572 818 v.
597 774 811 831 1080sqq.
851 775 902 817 de
940 775 1086 817 eadem
1124 789 1169 817 re
1208 774 1322 830 Iphis
1360 788 1487 816 senex
1524 773 1669 815 multis
1706 772 1845 815 verbis

209 852 414 908 loquitur:
451 851 489 893 τί
523 851 573 906 δὴ
611 851 803 906 βροτοῖσιν
835 849 906 891 οὐκ
938 848 1041 892 ἔστιν
1072 851 1173 901 τόδε,
1212 849 1323 895 νέους
1352 849 1409 894 δὶς
1439 847 1538 890 εἶναι
1568 848 1632 889 καὶ
1662 847 1846 903 γέροντας

209 925 259 969 αὖ
290 929 424 979 πάλινς
455 925 542 968 ἀλλ’
571 925 611 967 ἐν
641 924 775 980 νόμοις
806 926 875 980 μὲν
907 924 954 980 ἤν
984 941 1018 966 τι
1040 925 1095 980 μὴ
1115 927 1247 970 καλῶς
1268 922 1361 981 ἔχῃ,
1392 925 1606 978 γνώμαισιν
1628 923 1845 979 ὑστέραισιν

210 1001 501 1057 ἐξορθούμεθα,
539 1002 662 1044 αἰῶνα
701 1000 736 1042 δ’
764 1000 836 1043 οὐκ
866 1000 1024 1046 ἔξεστιν.
1084 1002 1120 1042 εἰ
1156 999 1191 1042 δ’
1220 1000 1319 1056 ἦμεν
1351 999 1432 1041 νέοι
1468 1000 1525 1045 δὶς
1561 1001 1625 1041 καὶ
1655 998 1844 1054 γέροντες,

210 1079 323 1124 εἴτις
354 1077 608 1133 ἐξημάρτανε,
641 1078 778 1118 διπλοῦ
810 1077 895 1132 βίου
916 1076 1101 1132 τυχόντες
1123 1074 1395 1131 ἐξωρθούμεθ’
1424 1075 1483 1116 ἅν.
1532 1074 1668 1117 Aliter
1698 1074 1748 1116 de
1769 1074 1846 1116 hac

210 1168 254 1197 re
284 1159 407 1210 poeta
427 1153 547 1196 Herc.
569 1151 751 1208 657sqq.
774 1153 915 1203 sentit,
949 1166 1043 1194 cum
1075 1151 1335 1208 sapientibus
1364 1150 1487 1193 modo
1514 1149 1691 1192 alteram
1713 1148 1844 1192 vitam

211 1229 449 1283 contingere
486 1227 600 1280 velit,
639 1241 763 1283 quem
801 1227 936 1269 locum
974 1226 1320 1268 Wilamowitzius
1353 1225 1580 1268 illustravit
1619 1224 1761 1279 (Herc.
1786 1223 1844 1266 11¹

215 1304 330 1358 175).
399 1303 702 1360 Antiphontem
749 1308 888 1344 autem
936 1302 1044 1344 hanc
1085 1301 1339 1344 sententiam
1384 1301 1604 1357 protulisse
1648 1299 1847 1342 monendi

212 1394 348 1431 causa,
389 1385 436 1422 ut
473 1379 549 1421 hac
585 1384 672 1421 tam
708 1378 822 1420 brevi
855 1378 941 1419 vita
972 1383 1084 1419 recte
1123 1382 1292 1419 utamur
1329 1390 1456 1432 supra
1495 1375 1731 1432 expositum
1769 1380 1845 1418 est.

211 1455 320 1499 Sane
364 1454 547 1496 iucunda
591 1461 655 1496 est
699 1452 932 1496 similitudo
979 1452 1247 1501 calculorum,
1293 1452 1363 1494 sed
1411 1452 1513 1495 satis
1554 1451 1723 1494 usitata.
1784 1449 1845 1492 Cf.

212 1529 414 1573 Heracliti
444 1530 494 1571 fr.
517 1529 587 1581 52,
620 1528 717 1571 Eur.
740 1528 885 1584 Suppl.
907 1528 1005 1570 409.
1067 1527 1210 1570 Erech.
1242 1528 1291 1570 sr.
1314 1526 1425 1570 360²
1446 1527 1496 1569 N.

326 1604 416 1647 Mos
446 1609 509 1647 est
545 1603 845 1660 sophistarum,
884 1607 934 1645 ut
970 1617 1018 1644 ea
1050 1617 1157 1658 quae
1189 1602 1340 1645 docent
1371 1602 1513 1644 fabula
1544 1601 1845 1644 demonstrent.

213 1679 411 1723 Prodicus
445 1679 497 1721 ad
535 1679 622 1721 vim
664 1678 833 1721 virtutis
870 1678 1162 1734 explicandam
1198 1678 1316 1720 illam
1354 1677 1405 1720 de
1446 1677 1624 1720 Hercule
1661 1676 1848 1719 fabulam

212 1761 368 1799 narrat.
414 1754 540 1797 Aliud
572 1754 697 1796 huius
727 1753 1041 1807 consuetudinis
1064 1753 1318 1809 exemplum,
1350 1767 1476 1808 quam
1499 1757 1644 1809 postea
1665 1752 1850 1794 maxime

214 1830 359 1887 Cynici
395 1830 600 1882 colebant,
638 1829 912 1886 Antiphontis
949 1829 998 1870 fr.
1022 1828 1077 1871 54
1108 1828 1291 1885 praebet.
1353 1828 1467 1871 Haec
1503 1828 1648 1871 fabula
1678 1827 1849 1883 Aesopi-

215 1919 356 1949 carum
399 1905 535 1962 prima
566 1918 686 1960 prosa
717 1905 903 1947 oratione
934 1904 1165 1960 conscripta
1195 1904 1316 1946 nobis
1347 1909 1514 1946 servata
1545 1910 1618 1945 est.
1679 1902 1851 1945 Constat

215 1981 508 2036 grammaticos
546 1980 596 2022 iis
634 1979 843 2035 epilogum
872 1978 936 2033 (τὸ
967 1979 1194 2034 ἐπιμύθιον)
1226 1978 1449 2022 addidisse.
1512 1978 1602 2021 Iam
1634 1978 1849 2034 Antiphon

215 2056 423 2113 epilogum
463 2055 675 2110 quendam
710 2054 939 2097 narrationi
982 2054 1194 2097 adiunxit:
1239 2054 1320 2109 ὅτῳ
1356 2055 1429 2110 γάρ
1466 2069 1521 2098 τις
1559 2055 1614 2109 μὴ
1653 2053 1852 2109 ἐχρήσατο

216 2132 317 2187 μηδὲ
346 2132 553 2187 χρήσεται,
585 2129 695 2175 ὄντος
725 2130 751 2186 ἢ
785 2131 839 2184 μὴ
873 2129 983 2175 ὄντος
1014 2129 1122 2186 αὐτῷ
1156 2129 1268 2171 οὐδὲν
1300 2128 1390 2171 οὔτε
1420 2129 1536 2171 πλέον
1568 2128 1658 2171 οὔτε
1685 2128 1850 2171 ἔλασσον

155 2243 158 2246 ,
216 2207 439 2264 βλάπτεται.
515 2206 690 2248 Brevius
739 2212 882 2248 autem
928 2205 1226 2260 grammaticus
1272 2205 1478 2248 contrario
1525 2219 1619 2248 cum
1666 2204 1852 2259 agnomi—

216 2282 386 2326 natione
423 2295 544 2335 usus,
582 2295 664 2337 quo
702 2280 799 2323 inde
837 2295 861 2323 a
892 2280 1089 2336 sophistis
1119 2295 1243 2337 saepe
1274 2280 1592 2323 delectabantur
1623 2279 1694 2334 (cf.
1728 2279 1851 2322 Isocr.

337 2419 381 2463 ⁹¹)
407 2419 478 2454 Iam
497 2419 678 2465 Sauppius
706 2422 799 2454 recte
825 2419 1038 2454 sententiam
1066 2419 1319 2464 interpretatus
1346 2421 1401 2453 est
1426 2418 1462 2462 (1.
1481 2428 1510 2453 c.
1539 2428 1574 2463 p.
1592 2417 1686 2460 523),
1714 2417 1757 2452 de
1785 2428 1854 2463 qua

217 2478 354 2525 ambigi
387 2489 461 2514 non
486 2482 619 2524 potest,
644 2478 719 2514 sive
746 2489 824 2513 cum
852 2478 914 2513 illo
932 2478 1040 2513 verba
1064 2478 1103 2513 τό
1121 2490 1157 2512 τε
1176 2480 1285 2524 μῆκος
1302 2481 1363 2512 τοῦ
1382 2478 1456 2524 βίου
1474 2477 1583 2524 ἡμέρᾳ
1603 2478 1661 2523 μιᾷ
1686 2475 1856 2519 secludis,

220 2539 296 2574 sive
321 2548 399 2573 cum
428 2537 583 2573 Dielesio
609 2537 710 2584 μοίρᾳ
736 2536 828 2584 legis
854 2548 916 2582 pro
943 2537 1052 2583 ἡμέρᾳ
1078 2537 1259 2579 <Vorsok.²
1278 2537 1309 2572 11
1332 2538 1362 2580 1,
1389 2548 1423 2582 p.
1442 2536 1511 2571 599
1542 2536 1625 2571 adn.
1652 2536 1698 2571 ad
1728 2547 1761 2570 v.
1782 2536 1852 2580 19).

219 2597 339 2642 Longe
364 2607 386 2632 a
411 2607 492 2632 vero
518 2597 696 2632 aberravit
720 2596 949 2639 Bureschius,
975 2607 1052 2631 cum
1080 2596 1232 2631 Philolai
1258 2596 1347 2631 illud
1375 2596 1470 2641 apud
1494 2596 1678 2631 Platonem
1704 2594 1852 2638 (Phaed.

219 2656 327 2699 6210:
363 2655 411 2694 ὡς
442 2656 478 2690 ἔν
502 2668 567 2690 τινι
591 2657 721 2703 φρουρᾷ
754 2656 852 2701 ἐσμεν
885 2656 916 2690 οἱ
940 2655 1116 2702 ἄνθρωποι
1141 2655 1293 2690 contulit
1321 2654 1359 2698 (l.
1378 2666 1408 2690 c.
1434 2666 1468 2700 p.
1486 2654 1557 2696 80).
1607 2653 1694 2689 Nam
1721 2656 1853 2700 φρουρᾷ

219 2714 391 2750 vocabulo
423 2725 495 2750 non
529 2714 701 2760 patiendi,
740 2714 803 2750 sed
834 2714 966 2760 agendi
999 2716 1067 2749 vim
1101 2714 1344 2749 subiciendam
1378 2725 1457 2750 esse
1490 2717 1638 2759 apparet
1669 2724 1713 2747 ex
1746 2714 1854 2748 verbo

219 2777 419 2821 παρεγγυᾶν,
445 2773 539 2820 quod
560 2773 604 2809 de
622 2773 796 2809 militibus
814 2774 883 2809 dici
906 2775 997 2808 solet
1014 2775 1182 2808 tesseram
1202 2773 1297 2808 inter
1314 2784 1352 2808 se
1372 2772 1552 2808 dantibus.
1581 2790 1624 2797 —
1653 2770 1855 2806 lllustratur

220 2833 452 2878 Antiphontis
483 2833 663 2869 sententia
694 2834 751 2876 iis,
784 2844 873 2879 quae
908 2832 1077 2867 sseiuzius
1111 2832 1230 2867 attulit
1263 2832 1309 2867 ad
1340 2831 1495 2868 Lucretii
1528 2831 1578 2867 111
1612 2830 1680 2867 963
1695 2840 1748 2874 sq.
1798 2830 1852 2865 Cf.

221 2892 319 2928 Luer.
349 2891 380 2927 ll
407 2890 452 2927 75
467 2902 543 2937 sqq.

337 2951 379 2993 ξιι)
406 2951 429 2986 ι.
447 2961 476 2986 e.
503 2962 536 2996 p.
564 2950 628 2986 174
654 2950 742 2995 (22).
