2170 3412
0 884 3 890 ·
0 781 12 869 ⁷—vwv
0 764 9 773 “
0 698 14 754 -Jssffl
0 662 9 678 f*-
2 646 13 650 ῑ

875 272 1163 316 -65-

481 387 593 430 οὐδὲν
624 388 808 434 ἐλάττους
837 387 906 434 τὰς
935 387 1147 443 φιλότητας
1176 386 1390 442 παρέχεται
1428 387 1493 428 καὶ
1531 387 1599 432 τὰς
1638 387 1776 433 ὀδύνας
1812 386 1838 443 ἢ

617 462 735 509 αὐτὸς
763 463 871 519 αὑτῷ

483 538 580 595 ὑπέρ
611 555 653 581 τε
683 542 752 596 τῆς
783 538 925 593 ὑγιείας
956 539 1099 580 δισσῶν
1131 538 1326 594 σωμάτων

478 614 575 669 ὑπέρ
605 630 647 656 τε
678 616 745 656 τοῦ
777 613 862 670 βίου
893 616 963 669 τῆς
992 612 1181 668 Ευλλογῆς

479 689 576 745 ὑπέρ
607 705 648 731 τε
677 693 749 745 τῆς
778 688 1035 745 σωφροσύνης
1064 689 1128 730 καὶ
1160 692 1229 744 τῆς
1259 687 1449 734 εὐκλείας.

322 777 527 820 Nimirum
564 776 740 833 scriptor
776 775 1102 833 parellelismum
1145 776 1449 819 sententiarum
1494 776 1596 819 adeo
1641 777 1837 829 excoluit,

205 857 254 895 ut
297 852 416 909 quasi
460 852 674 909 stropham
721 851 981 908 antistropha
1018 850 1298 908 excipiat¹²²).
1360 853 1454 895 Huc
1497 857 1688 908 spectare
1736 858 1837 909 puto

205 927 475 982 Hermogenis
506 926 557 970 de
579 927 839 984 Antiphonte
871 927 1091 970 iudicium:
1124 928 1189 970 καὶ
1221 928 1411 984 ἐπιμελὴς
1442 928 1485 970 δὲ
1518 927 1616 970 κατὰ
1647 928 1716 983 τὴν
1750 942 1838 970 συν-

203 1002 332 1057 θήκην
363 1003 427 1045 καὶ
458 1005 540 1048 ταῖς
571 1004 814 1058 παρισώσεσι
849 1002 1012 1058 χαίρων.
1073 1002 1153 1045 Sed
1191 1016 1446 1059 quamquam
1477 1003 1609 1058 magis
1646 1004 1838 1047 minusve

203 1077 320 1134 paria
352 1078 521 1134 paribus
552 1077 850 1132 adiunguntur,
887 1084 1029 1120 tamen
1067 1092 1143 1120 nec
1182 1078 1378 1120 membris
1415 1078 1615 1121 distincta
1653 1084 1717 1122 est
1748 1093 1836 1121 ver·

204 1153 353 1196 borum
385 1153 643 1196 continuatio
677 1168 752 1196 nec
783 1168 1005 1196 numerosa
1034 1154 1225 1196 efficitur.
1287 1151 1471 1197 Medium
1509 1159 1570 1197 est
1601 1154 1728 1210 igitur
1759 1154 1835 1196 hoc

203 1229 400 1272 orationis
429 1243 558 1284 genus
588 1229 696 1271 inter
724 1228 823 1275 λέξιν
853 1229 1057 1285 εἰρομένην
1090 1234 1132 1272 et
1161 1229 1337 1285 Gorgiae
1367 1244 1603 1272 sermonem
1635 1229 1830 1273 artificio—

202 1317 308 1346 sum.
360 1304 498 1360 Atque
530 1303 696 1360 propius
727 1304 887 1347 accedit
919 1304 971 1346 ad
1003 1309 1221 1360 poetarum
1242 1304 1471 1347 dictionem
1503 1319 1628 1360 quam
1659 1305 1710 1348 ad
1733 1305 1836 1348 Gor—

202 1379 293 1434 giae
340 1383 471 1422 artem
518 1379 738 1422 enuntiata
788 1379 987 1422 membris
1033 1379 1308 1436 componendi
1355 1385 1482 1437 atquc
1528 1380 1834 1424 conformandi.

202 1454 388 1497 Profecto
417 1455 568 1498 similis
600 1460 663 1498 est
683 1455 954 1511 Antiphontis
976 1455 1107 1498 oratio
1131 1455 1289 1512 priscae
1319 1455 1470 1498 aetatis
1500 1460 1679 1510 statuae,
1715 1457 1835 1500 cuius

201 1529 392 1573 sinistrae
424 1535 562 1587 partes
593 1531 772 1574 dexteris
803 1530 1066 1588 respondent,
1103 1516 1174 1574 sed
1213 1545 1356 1574 omnes
1392 1532 1477 1574 fere
1515 1532 1626 1575 inter
1657 1546 1701 1575 se
1735 1547 1834 1575 con-

201 1604 403 1649 cinnitate
447 1610 490 1649 et
534 1606 789 1663 aequalitate
835 1612 989 1650 carent.
1050 1606 1169 1658 Quod
1210 1607 1246 1649 si
1288 1607 1560 1650 statuendum
1608 1622 1694 1651 esse
1732 1608 1866 1650 mihi*

202 1681 380 1734 videtur,
411 1696 463 1725 ne
494 1682 670 1725 miratus
700 1683 757 1726 sis
788 1683 932 1725 multis
962 1683 1005 1725 in
1037 1683 1160 1726 rebus
1191 1697 1256 1726 me
1287 1683 1432 1726 iubere
1462 1683 1690 1727 Democriti
1722 1699 1835 1727 com-

202 1770 348 1812 parare
392 1757 681 1810 elocutionem,
731 1771 838 1814 quae
883 1758 1074 1815 quamvis
1110 1758 1221 1801 absit
1258 1759 1309 1802 ab
1349 1759 1625 1816 Antiphontis
1671 1756 1841 1803 tumore'

203 1831 418 1888 nimiaque
449 1832 697 1888 granditate,
727 1837 867 1877 tamen
890 1833 1019 1877 simili
1038 1833 1214 1890 insignis
1245 1839 1306 1877 est
1327 1834 1591 1878 abundantia
1614 1835 1831 1878 verborum

202 1912 244 1950 et
273 1908 530 1963 symmetria.
590 1908 745 1952 Eadem
775 1908 876 1952 adeo
909 1913 1042 1951 scatet
1072 1909 1271 1962 numeris,
1309 1914 1355 1952 ut
1392 1923 1524 1966 paene
1555 1924 1700 1953 versus
1732 1925 1835 1953 non-

203 1997 434 2039 numquam
467 1982 798 2039 efficiantur¹²¹).
859 1983 939 2027 Sed
978 1984 1054 2028 hoc
1084 1999 1167 2028 non
1198 1990 1259 2028 est
1289 1985 1418 2028 solius
1451 1984 1690 2029 Democriti.
1755 1986 1832 2029 So-

203 2058 365 2115 phistae
402 2059 515 2102 enim
554 2058 724 2115 quidam
770 2059 812 2101 in
850 2059 926 2102 hoc
961 2073 1110 2115 genere
1156 2060 1339 2103 maxime
1384 2060 1609 2114 excellunt,
1656 2075 1831 2118 quorum

202 2134 551 2190 dithyrambicam
573 2134 798 2178 dictionem
821 2135 939 2177 Plato
960 2135 1005 2178 in
1027 2135 1211 2178 Phaedro
1243 2135 1347 2190 (137
1362 2149 1386 2178 a
1401 2136 1514 2192 sqq.)
1544 2136 1832 2192 imitatur¹'⁴).

202 2209 346 2266 Neque
377 2211 596 2266 quisquam
628 2211 758 2266 magis
789 2210 962 2253 idoneus
984 2210 1150 2254 videtur
1169 2210 1401 2266 Agathone,
1434 2225 1557 2267 quem
1583 2212 1831 2269 Antiphonti

202 2284 428 2328 finitimum
461 2299 549 2328 csse
581 2285 781 2328 dicamus.
1026 2291 1028 2294 ’

317 2360 425 2404 Nam
449 2366 623 2416 uterque
655 2376 737 2404 non
759 2361 894 2404 solum
920 2361 1091 2417 poeticis
1125 2361 1260 2404 verbis
1288 2367 1329 2404 et
1350 2363 1567 2406 sententiis
1597 2376 1831 2407 sermonem

203 2436 445 2493 amplificat,
488 2436 559 2480 sed
603 2437 728 2480 etiam
776 2437 999 2480 numeris
1043 2437 1107 2479 vel
1147 2437 1318 2480 metris
1356 2451 1475 2481 aures
1520 2438 1712 2482 delectat.
1777 2440 1833 2483 Ut

204 2511 411 2567 Agathou,
442 2512 513 2569 qui
545 2517 588 2555 et
619 2513 628 2555 i
636 2526 706 2568 pse
728 2518 816 2555 crat
838 2520 973 2569 poeta,
1007 2512 1173 2555 Amoris
1195 2512 1338 2555 laudes
1360 2513 1611 2557 hexametris
1633 2514 1832 2566 cumulat,

202 2586 263 2629 sic
308 2586 523 2643 Antiphon
583 2602 719 2630 rerum
778 2588 983 2642 gravitate
1034 2592 1265 2630 commotus
1323 2589 1506 2631 numeris
1555 2589 1833 2646 anapaesticis

204 2662 355 2705 utitur:
387 2665 522 2706 καινοῦ
552 2663 733 2717 δαίμονος
764 2662 893 2721 ἄρχει,
926 2666 1057 2706 καινοῦ
1079 2663 1231 2719 πότμου
1258 2663 1329 2720 (fr.
1351 2664 1442 2719 49).
1517 2666 1626 2716 Quos
1673 2660 1828 2708 versus'

329 2843 387 2886 127)
414 2842 464 2877 De
497 2843 710 2890 tragicorum
745 2855 812 2879 usu
847 2844 954 2879 verba
985 2844 1106 2880 eodem
1142 2844 1218 2879 loco
1254 2844 1290 2879 in
1321 2843 1545 2890 antistropha
1577 2845 1759 2889 repetendi
1789 2845 1832 2880 ct.

207 2901 332 2937 Kaibel
359 2901 382 2936 1.
408 2911 438 2936 c.
461 2913 494 2948 p.
514 2902 595 2937 204.

329 2960 383 3003 ¹²³)
409 2961 453 2996 cf.
482 2961 555 2996 Birt
581 2962 617 2996 in
645 2961 793 3007 Natorp,
821 2962 1017 2998 Demokrits
1047 2962 1183 3006 Ethika,
1212 2974 1244 3008 p.
1269 2963 1327 2998 181
1348 2973 1424 3008 sqq.

329 3019 382 3062 ¹2⁴)
408 3020 450 3055 cf.
478 3020 618 3056 Norden
645 3020 666 3055 Ι.
685 3031 713 3055 c.
743 3032 775 3066 p.
799 3021 863 3057 109
878 3033 930 3068 sq.
