2170 3412
1034 208 1319 250 -34-

666 332 733 369 255
764 323 829 365 καὶ
861 324 915 377 μὴ
948 322 1045 377 πρὸς
1076 321 1194 377 ἄκρον
1226 322 1367 375 μυελὸν
1398 325 1542 379 ψυχῆς,

767 396 908 439 εὔλυτα
939 395 1075 438 δἐἶναι
1106 396 1327 452 στέργηθρα
1357 400 1511 452 φρενῶν

767 473 845 513 ἀπό
877 469 903 513 τ’
944 472 1125 514 ὤσασθαι
1157 473 1220 513 καὶ
1251 471 1451 518 ξυντεῖναι.

767 548 811 588 τὸ
843 545 879 588 δ’
909 547 1006 602 ὑπὲρ
1038 548 1180 589 δισσῶν
1214 547 1302 602 μίαν
1334 547 1482 589 ὠδίνειν

770 623 900 678 ψυχὴν
932 622 1107 678 χαλεπὸν
1138 622 1269 678 βάρος,
1303 624 1357 667 ὡς
1388 623 1497 677 κάγὼ

662 708 731 744 260
767 696 878 752 τῆσδ’
918 698 1138 752 ὑπεραλγῶ.

477 774 598 815 Hunc
634 773 773 816 locum
812 773 952 816 Cicero
990 772 1102 830 apud
1139 778 1354 815 auctorem
1394 773 1445 815 de
1477 772 1663 816 amicitia
1699 787 1837 826 suum,
1869 787 1993 831 quem

362 847 694 903 Theophrastum
740 847 867 889 fuisse
909 846 990 889 viri
1035 846 1147 889 docti
1192 851 1356 902 putant,
1403 846 1567 890 invenit
1611 853 1653 890 et
1698 847 1820 903 paulo
1863 847 1995 891 fusius

361 921 533 972 scilicet,
581 935 664 963 uno
710 926 851 964 tamen
898 935 1022 963 versu
1052 920 1178 975 (255)
1225 920 1376 963 omisso
1422 921 1547 963 nimis
1594 922 1768 977 poetico,
1813 920 1996 965 reddidit

360 997 489 1049 (Lael.
526 997 590 1049 13,
608 996 700 1050 45):
735 1029 744 1037 .
776 1027 786 1038 .
821 1029 830 1038 .
862 995 1085 1052 fuyiendas
1121 1009 1200 1037 esse
1235 997 1391 1036 nimias
1427 997 1648 1049 amicitias,
1685 1011 1736 1038 ne
1763 1010 1915 1039 necesse
1940 997 1997 1038 eit

361 1086 493 1112 unum
522 1071 745 1113 sollicitum
774 1085 853 1113 esse
881 1085 959 1127 pro
982 1070 1194 1125 plumba&
1242 1072 1342 1112 satis
1375 1085 1576 1127 superque
1611 1085 1691 1113 esse
1717 1070 1798 1113 sibi
1824 1085 1996 1114 suarum

362 1146 508 1200 cuique
536 1160 690 1196 rerum,
713 1145 861 1187 alienis
879 1146 1007 1186 nimis
1027 1145 1240 1200 implicari
1259 1144 1474 1186 molestum
1503 1159 1601 1195 e⁸8e5
1629 1145 1996 1187 commodissimum

362 1234 440 1260 esse
477 1234 604 1276 quam
640 1220 876 1262 laxissimas
911 1206 1090 1261 liabenas
1123 1218 1267 1261 habere
1304 1220 1526 1272 amicitiae,
1565 1235 1670 1275 quas
1705 1220 1767 1262 vel
1799 1220 1996 1274 adducas,

362 1310 455 1336 cum
489 1296 595 1348 velis,
625 1295 687 1337 vel
716 1297 920 1346 remittas,-
950 1302 1077 1351 caput
1105 1296 1215 1336 enim
1245 1309 1324 1336 esse
1364 1296 1421 1336 ad
1451 1295 1562 1337 beate
1596 1295 1810 1338 vivendum
1844 1297 1997 1338 securi-

363 1378 488 1412 tatem
519 1370 649 1426 (quod
681 1370 986 1427 interpretandi
1017 1384 1142 1413 causa
1173 1369 1336 1412 addidit
1358 1370 1533 1424 Cicero),
1555 1385 1637 1425 qua
1646 1371 1751 1426 frui
1769 1384 1853 1412 non
1866 1372 1998 1427 pouit

364 1447 543 1498 animus,
589 1447 628 1486 si
671 1453 890 1502 tamquam
932 1446 1149 1502 parturiat
1191 1459 1300 1487 unus
1338 1459 1419 1499 pro
1462 1445 1664 1500 pluribus.
1739 1445 1996 1497 Quibuscum

367 1522 553 1563 conferas
585 1521 686 1563 haec
715 1520 1009 1573 Antiphontis:
1043 1521 1079 1562 τί
1099 1519 1180 1565 οὖν,
1211 1521 1252 1561 εἴ
1268 1536 1332 1573 μοι
1353 1520 1500 1574 γένοιτο
1522 1520 1639 1573 σῶμὰ
1660 1521 1791 1576 ἕτερον
1812 1522 1998 1570 τοιοῦτον,

364 1596 387 1637 ὅ
416 1596 460 1650 γε’
491 1612 555 1650 μοι
588 1596 713 1641 οὕτως
743 1596 926 1651 ἐπιμελὲς
957 1596 1038 1652 εἴης
1086 1596 1156 1637 οὐκ
1202 1594 1268 1637 οὖν
1314 1598 1445 1651 δῆλον,
1483 1595 1542 1637 ὅτι
1577 1597 1674 1652 γυνὴ
1712 1596 1833 1652 ἀνδρί,
1869 1595 1937 1638 ἐὰν
1967 1593 1995 1652 ᾖ

363 1670 600 1724 καταθυμίοι,
633 1670 745 1712 οὐδὲν
777 1671 960 1715 ἐλάττους
1000 1670 1068 1714 τὰς
1105 1671 1315 1725 φιλότητας
1351 1670 1567 1726 παρέχεται
1603 1671 1667 1713 καὶ
1704 1670 1772 1716 τὰς
1802 1670 1942 1716 ὀδύνας
1971 1670 1997 1725 ἢ

364 1745 482 1790 αὐτὸς
512 1746 619 1802 αὑτῷ
652 1745 748 1800 ὑπέρ
780 1761 820 1787 τε
850 1749 919 1801 τῆς
951 1746 1093 1800 ὑγιείας
1125 1747 1270 1787 δισσῶν
1301 1746 1498 1800 σωμάτων
1530 1747 1611 1788 κτλ.
1691 1745 1878 1788 Eandem
1906 1759 1999 1788 sen-

365 1821 543 1863 tentiam
574 1821 654 1863 duo
687 1827 901 1877 praeterea
931 1821 1131 1862 exhibent
1161 1820 1371 1877 Euripidis
1408 1821 1501 1873 loci,
1539 1834 1642 1877 quos
1677 1821 1764 1863 iam
1798 1821 1999 1864 Duemm·

365 1896 475 1938 lerus
506 1895 728 1951 attulitff).
791 1896 997 1938 Admetus
1029 1896 1142 1938 enim
1172 1910 1301 1938 uxore
1332 1901 1496 1938 mortua
1527 1900 1656 1952 optat,
1689 1902 1736 1938 ut
1766 1910 1997 1953 numquam

366 1985 457 2013 eam
491 1971 675 2014 duxisset
703 1971 817 2025 (Alo.
850 1972 932 2014 879
950 1970 1081 2027 sqq.):

775 2049 882 2102 ζηλῶ
914 2047 1130 2101 δ’ἀγοὶμους
1162 2047 1342 2091 ἀτέκνους
1373 2063 1415 2088 τε
1446 2047 1613 2103 βροτῶν·

775 2122 844 2174 μία
874 2121 948 2177 γὰρ
979 2123 1105 2177 ψυχή,
1137 2124 1207 2176 τῆς
1238 2122 1466 2176 ὑπεραλγεῖν

775 2197 928 2252 μέτριον
961 2196 1108 2252 ἄχθος·

774 2273 922 2314 παίδων
955 2274 998 2314 δὲ
1028 2272 1166 2317 νόσους
1194 2273 1260 2313 καὶ
1290 2273 1516 2326 νυμφιδίους

774 2347 888 2393 εὐνὰς
918 2348 1101 2392 θανάτοις
1130 2347 1409 2403 κεραϊζομένας

776 2421 821 2463 οὐ
853 2422 993 2476 τλητὸν
1027 2421 1135 2476 δρᾶν,
1169 2421 1253 2467 ἐξὸν
1286 2421 1469 2466 ἀτέκνους

779 2496 955 2550 ἀγάμους
985 2496 1018 2536 τ’
1043 2495 1142 2537 εἶναι
1172 2495 1235 2537 διὰ
1265 2495 1419 2542 παντός.

484 2572 531 2614 In
563 2573 612 2614 fr.
636 2570 746 2615 908²
776 2572 827 2613 N.
860 2576 995 2613 mater
1019 2571 1225 2627 quaedam
1246 2571 1440 2613 miseram
1463 2572 1689 2622 fortunam,
1712 2585 1838 2627 quam
1859 2571 2003 2614 liberis

369 2647 565 2703 parandis
602 2647 769 2700 habeat,
807 2647 1014 2702 queritur:
1056 2646 1096 2688 τί
1128 2649 1242 2688 τοῦτο
1280 2647 1328 2701 δὴ
1371 2647 1413 2688 τὸ
1445 2647 1635 2702 χρηστὸνς
1668 2646 1739 2688 οὐκ
1769 2647 1884 2702 ἀρκεῖ
1910 2646 2003 2702 μίαν

369 2723 502 2778 ψυχὴν
540 2723 670 2764 ἀλύειν
709 2722 804 2764 κάπὶ
841 2720 928 2777 τῇδ’
965 2720 1071 2777 ἔχειν
1108 2721 1334 2775 πόνους”);
1380 2722 1673 2764 Duemmlerus
1709 2727 1875 2778 poetam
1906 2735 2002 2764 eum

488 2821 531 2865 76)
562 2821 669 2856 Aead.
696 2832 731 2866 p.
753 2821 830 2855 171.
881 2820 937 2854 Kl.
964 2820 1063 2856 Schr.
1087 2832 1122 2866 p.
1143 2821 1210 2856 178
1236 2821 1317 2856 adn.
1341 2822 1371 2856 1.

490 2879 531 2922 Π>
556 2880 602 2914 cf.
626 2881 703 2915 Ter.
731 2880 832 2915 Adel.
859 2879 920 2914 38:
967 2879 1050 2923 Vah,
1077 2892 1306 2926 quemquamne
1331 2881 1485 2914 hominem
1516 2881 1549 2914 in
1581 2881 1722 2914 animum
1753 2880 1920 2914 instituere
1943 2886 2002 2913 aut

366 2951 492 2982 parare
518 2939 607 2982 quod
627 2940 670 2972 sit
694 2940 804 2973 carius
830 2951 925 2982 quam
952 2940 1022 2985 ipse
1050 2947 1100 2973 est
1125 2941 1211 2973 sibi!
