2170 3412
929 725 1129 783 VITA.

332 879 465 922 Natus
501 892 592 921 sum
634 877 807 920 Carolus
844 874 1074 920 Fridericus
1110 876 1270 932 Edgar
1298 876 1487 932 Jacoby
1526 876 1710 919 Berolini
1742 891 1778 919 a.
1801 876 1840 918 (l.

216 953 265 996 V.
285 953 378 996 Kal.
409 953 526 997 Febr.
556 953 655 996 anni
685 952 1084 996 MDCCCLXXXIII
1116 956 1232 1009 patre
1259 951 1434 994 Daniele
1462 951 1676 1008 Gymnasii
1699 951 1843 1006 Regio-

215 1029 364 1072 urbani
406 1029 649 1086 professore,
686 1033 819 1071 matre
843 1027 974 1070 Maria
994 1042 1016 1071 e
1037 1032 1159 1083 gente
1180 1026 1331 1070 Urech.
1382 1026 1495 1070 Fidei
1529 1026 1721 1069 addictus
1750 1040 1841 1068 sum

215 1104 491 1159 evangelicae.
517 1103 788 1160 Gymnasium
813 1103 1072 1158 frequentavi
1089 1102 1440 1158 Regiourbauum,
1463 1101 1573 1158 quod
1591 1107 1682 1145 tum
1705 1101 1842 1145 floruit

217 1179 288 1222 Ed.
316 1178 572 1222 Wellmanni
595 1179 805 1236 auspiciis.
849 1178 954 1222 Vere
975 1178 1076 1221 anni
1094 1177 1253 1221 MCMII
1276 1177 1534 1221 maturitatis
1554 1177 1841 1221 testimonium

216 1254 392 1311 adeptus
424 1254 587 1298 civibus
608 1254 903 1298 Universitatis
923 1252 1156 1297 litterariae
1178 1253 1459 1296 Berolinensis
1480 1253 1714 1310 adscriptus
1735 1266 1842 1306 sum,

216 1334 264 1373 ut
295 1329 544 1386 philologiae
574 1336 615 1373 et
646 1329 953 1385 archaeologiae
981 1328 1132 1372 studiis
1163 1342 1229 1372 me
1259 1328 1465 1372 dederam.

330 1405 501 1448 Scholas
547 1404 688 1448 audivi
725 1404 910 1449 virorum
947 1403 1280 1448 doctissimorum
1319 1404 1447 1457 Diels,
1493 1404 1660 1459 Erman,
1708 1403 1844 1456 Graes,

136 1510 143 1518 -
219 1480 410 1536 Harsley,
457 1480 732 1533 Hirschfeld,
759 1479 921 1524 Kekule
959 1494 1038 1523 von
1076 1479 1333 1533 Stradonitz,
1379 1479 1453 1523 Ed.
1493 1479 1652 1536 Meyer,
1699 1479 1840 1533 Milan,
1915 1483 1921 1488 '

218 1555 260 1599 Ε.
300 1556 485 1610 Norden,
532 1555 708 1610 Roethe,
755 1555 798 1598 E.
837 1555 1048 1608 Schmidt,
1093 1555 1161 1598 W.
1192 1555 1386 1607 Schulze,
1433 1555 1619 1612 Stumpf,
1670 1554 1841 1610 Vahlen,

218 1631 420 1686 Wentzel,
453 1645 532 1674 von
567 1630 1171 1692 Wilamowitz-Moellendorff,
1204 1629 1457 1674 Winueseld.

331 1706 624 1749 Proseminarii
657 1705 854 1762 philologi
884 1720 956 1761 per
982 1720 1054 1748 sex
1085 1705 1305 1749 semcstria
1334 1705 1488 1748 sodalis
1519 1705 1579 1749 sui
1610 1705 1844 1749 ordinarius

216 1786 342 1838 atque
389 1781 757 1825 exercitationibus
803 1781 1021 1824 institutus
1065 1795 1158 1824 sum
1206 1781 1498 1838 professorum*
1531 1781 1659 1835 Diels,
1707 1780 1844 1832 Helm,

218 1856 466 1910 lmelmann,
497 1855 702 1911 Wentzel,
734 1871 815 1899 von
851 1856 1448 1900 Wilamowitz·Moellendorff.

333 1931 399 1974 Ad
458 1931 775 1975 exercitationes
835 1930 1165 1987 archaeologicas
1226 1930 1403 1986 benigne
1461 1944 1528 1974 me
1587 1930 1848 1975 admiserunt

219 2007 468 2064 professores
488 2006 652 2050 Kekule
679 2021 759 2050 von
782 2006 1019 2050 Stradonitz
1039 2011 1082 2050 et
1103 2005 1356 2061 Kalkmann,
1389 2006 1508 2050 cuius
1538 2012 1846 2063 praematuram

218 2087 395 2125 mortem
428 2081 550 2125 valde
580 2082 708 2126 dolui.

333 2158 436 2200 Cum
469 2157 663 2201 omnibus
700 2157 764 2200 his
809 2157 909 2200 viris
949 2156 1105 2214 optime
1142 2156 1195 2200 de
1225 2171 1292 2200 me
1329 2157 1491 2201 meritis
1527 2162 1617 2201 tum
1649 2156 1844 2209 Dielesio,

218 2233 291 2290 qui
330 2238 376 2276 ut
415 2232 663 2289 Antiphonti
702 2247 871 2289 operam
910 2232 1050 2275 darem
1089 2246 1156 2275 me
1194 2232 1437 2276 adhortatus
1474 2238 1548 2286 est,
1585 2232 1740 2290 gratias
1770 2247 1846 2288 ago

220 2323 345 2365 quam
379 2322 548 2366 possum
581 2308 798 2351 maximas.
1030 2296 1032 2298 ’

335 2383 521 2427 Examen
553 2383 838 2440 philosophiae
870 2398 1019 2438 magna
1047 2398 1139 2426 cum
1163 2382 1286 2427 laude
1306 2384 1485 2427 sustinui
1508 2398 1546 2427 a.
1569 2384 1609 2428 (1.
1632 2384 1726 2427 ΧΠ.
1753 2384 1845 2427 Kal.

222 2459 366 2502 lunias
396 2459 494 2502 anni
532 2458 767 2502 Mcmvlll.
