2170 3412
1003 236 1291 278 „30-

326 350 444 391 bai-os
476 349 707 400 recurrisse,
749 354 794 391 ut
824 350 953 391 feram
986 364 1032 391 ac
1066 349 1257 392 miseram
1296 350 1512 394 hominum
1554 353 1682 396 vitam
1721 360 1960 410 exponeret,

325 424 397 479 qui
429 424 481 465 ab
515 423 697 466 humano
729 424 845 466 cultu
878 424 1076 480 civilique
1108 425 1313 468 abessent.
1376 425 1473 468 Erat
1509 427 1620 469 enim
1656 427 1760 480 eius,
1799 430 1871 485 qui
1907 428 1960 471 ad

324 499 587 541 concordiam
619 504 837 554 spectaret,
871 499 1088 541 ostendere
1119 499 1309 542 homines
1341 501 1392 542 ad
1432 500 1535 543 bene
1573 501 1801 545 vivendum
1835 504 1962 546 socie-

328 580 413 616 tate
445 574 554 616 inter
584 588 626 616 se
659 579 783 629 atque
816 574 1118 616 communitate
1157 589 1295 617 carere
1333 589 1415 618 non
1455 575 1653 631 posse⁶‘).
1722 577 1872 621 Nescio
1908 593 1961 621 an

326 648 436 690 idem
474 649 524 690 de
562 649 638 690 hac
683 663 725 690 re
771 648 880 704 quod
920 651 1166 703 Anonymus
1212 649 1430 692 Iamblichi
1474 651 1650 694 senserit
1695 651 1742 706 (Ι.
1784 666 1819 694 c.
1851 652 1962 708 6‚1):

327 721 477 777 ἔφυσαν
519 724 588 776 μὲν
620 723 655 763 οἱ
688 722 891 778 ἅνθρωποι
923 723 1104 764 ἀδύνατοι
1136 721 1226 766 καῦ’
1264 724 1332 766 ἕνα
1363 727 1448 779 ζῆν,
1482 727 1677 780 συνῆλθον
1708 726 1752 767 δὲ
1782 726 1879 782 πρὸς
1899 726 1965 768 ἀλ-

324 799 468 852 λήλους
501 800 550 851 τῇ
584 798 734 853 ἀνάγκῃ
766 797 934 844 εἴκοντες
964 801 1047 842 κτλ.
1115 798 1307 842 Ceterum
1338 800 1596 856 respicienda
1628 808 1726 844 sunt
1758 815 1819 849 ea,
1858 814 1967 857 quae

326 873 538 928 Sauppius
570 873 620 915 de
652 874 699 914 fr.
731 874 787 914 45
819 880 860 915 et
891 874 946 916 46
977 874 1190 917 subtiliter
1219 874 1469 930 coniecit⁰⁶).

444 948 491 989 In
524 949 569 990 fr.
603 949 657 990 49
691 948 802 990 vitae
834 949 1041 991 humanae
1073 949 1235 992 labores
1265 950 1416 1004 gaudia
1454 950 1614 994 dolores
1650 951 1836 1008 sophista
1872 965 1967 995 con-

328 1023 569 1078 templatur.
633 1024 724 1074 Qua
755 1023 796 1065 in
831 1038 873 1066 re
906 1025 958 1066 ab
992 1025 1173 1066 infantia
1203 1039 1299 1067 eum
1331 1039 1523 1068 exorsum
1555 1040 1645 1069 esse
1676 1026 1886 1083 Sauppius
1916 1040 1967 1070 ex

329 1098 473 1152 primis
506 1098 642 1141 verbis
673 1098 923 1153 collegit⁶⁷):
968 1099 1063 1155 φέρε
1099 1101 1164 1154 δή,
1195 1100 1424 1156 προελῦέτω
1457 1101 1477 1141 ὁ
1510 1101 1590 1157 βίος
1626 1102 1681 1147 εἰς
1716 1102 1760 1143 τὸ
1797 1101 1967 1158 πρόσθεν

328 1174 393 1214 καὶ
424 1174 562 1226 γάμων
595 1174 658 1215 καὶ
688 1174 867 1228 γυναικὸς
899 1175 1200 1230 ἐπιθυμησάτω,
1238 1176 1277 1217 h.
1310 1190 1365 1218 e.:
1403 1190 1477 1231 age
1515 1191 1626 1229 vero,
1665 1177 1795 1219 vitam
1831 1182 1970 1220 aetate

330 1248 523 1303 progredi
561 1256 602 1291 et
642 1249 857 1304 coniugem
907 1264 1057 1306 cupere
1095 1249 1379 1306 fingamus⁶⁸).
1447 1253 1506 1294 At
1542 1251 1892 1295 Wilamowitzius
1926 1258 1969 1295 et

330 1323 549 1366 Nordenus
578 1325 806 1379 προελῦέτω
830 1325 995 1381 proprie
1021 1325 1179 1368 dictum
1203 1340 1292 1368 esse
1312 1326 1505 1369 arbitrati
1527 1328 1830 1383 Antiphontem
1857 1327 1970 1370 vitae

331 1412 547 1454 personam
582 1405 798 1455 tamquam
831 1401 875 1442 in
905 1414 1103 1443 scaenam
1131 1401 1424 1457 procedentem
1455 1404 1608 1456 fingere
1647 1410 1889 1446 asseverant
1902 1402 1969 1457 ⁶').

330 1474 542 1516 Nimirum
575 1475 719 1517 multis
751 1475 826 1517 hoc
858 1475 1052 1531 placebit.
1113 1477 1172 1518 At
1201 1477 1235 1518 si
1266 1491 1443 1533 persona
1482 1478 1681 1533 procedit,
1719 1491 1839 1533 agere
1876 1492 1968 1521 eam

331 1549 397 1590 vel
428 1549 564 1591 dicere
598 1556 772 1606 oportet,
808 1557 854 1593 ut
884 1551 1008 1606 Leges
1038 1553 1081 1593 in
1114 1552 1302 1594 Platonis
1334 1551 1513 1605 Critone,
1548 1552 1665 1595 Bona
1694 1553 1806 1608 apud
1839 1553 1967 1596 Cran-

329 1629 462 1667 torem
501 1625 675 1679 (Sextus
711 1626 804 1668 adV.
842 1627 972 1668 math.
1011 1627 1069 1668 XI
1095 1628 1186 1681 51).
1247 1627 1328 1670 Sed
1360 1627 1437 1670 hoc
1474 1628 1562 1670 loco
1602 1629 1688 1670 vita
1723 1628 1827 1671 nihil
1870 1628 1970 1684 agit,

330 1699 435 1742 nihil
467 1700 581 1743 dicit.
641 1701 775 1743 Immo
806 1702 895 1758 ipse
928 1707 1067 1744 orator
1096 1703 1240 1744 statim
1273 1704 1406 1758 pergit
1436 1703 1486 1745 de
1523 1717 1687 1746 summo
1725 1704 1838 1746 vitae
1874 1718 1966 1746 mo·

330 1782 472 1818 mento
503 1776 547 1817 in
578 1783 800 1831 utramque
834 1782 993 1833 partem
1025 1778 1257 1833 disputare:
1290 1779 1388 1834 αὕτη
1419 1779 1444 1834 ἡ
1469 1778 1599 1834 ἡμέρα
1620 1781 1716 1831 κτλ.,
1755 1780 1806 1822 cf.
1839 1780 1970 1822 infra:

326 1850 423 1905 φέρε
454 1850 517 1904 δή,
559 1852 613 1906 μὴ
653 1851 700 1892 τὰ
737 1852 950 1906 παλίγκοτα
986 1852 1162 1907 λέγωμεν
1201 1856 1281 1895 κτλ.
1314 1877 1369 1885 -
1401 1854 1479 1908 ἐγὼ
1515 1855 1602 1909 γάρ,
1645 1853 1687 1896 εἴ
1716 1869 1783 1908 μοι
1822 1854 1971 1910 γένοιτο

331 1928 412 1967 κτλ.
476 1927 610 1976 Quare
642 1927 818 1983 Sauppii
849 1927 1237 1983 interpretationem
1276 1929 1511 1972 tenebimus
1542 1930 1613 1983 (cf.
1646 1929 1707 1971 Pl.
1731 1929 1824 1984 Leg.
1855 1914 1973 1973 6'822.

331 2002 385 2045 εἰς
417 2003 465 2056 δὴ
507 2003 550 2043 τὸ
589 2003 770 2058 πρόσθεν
808 2003 1065 2058 προέλθωμεν
1104 2002 1160 2045 ἔτι
1195 2006 1264 2045 τοῦ
1302 2007 1367 2045 νῦν
1405 2004 1640 2051 ἐπελθόντος
1676 2006 1770 2060 ἡμῖν
1808 2004 1970 2060 μύθου).

333 2076 451 2127 Quod
489 2082 628 2119 autem
668 2078 780 2120 vitae
819 2078 937 2134 quasi
974 2093 1175 2135 personae
1212 2080 1431 2133 tribuitur,
1477 2080 1588 2135 quod
1634 2080 1848 2123 hominum
1895 2086 1970 2134 est,

331 2152 439 2194 hanc
470 2152 645 2207 figuram
679 2158 819 2208 postea
856 2154 1055 2196 usitatam
1094 2155 1274 2210 primum
1314 2156 1366 2197 ab
1398 2155 1660 2212 Antiphonte
1699 2161 1741 2198 et
1770 2155 1970 2212 Euripide

330 2227 441 2269 Med.
466 2228 559 2281 194,
583 2228 710 2284 Hipp.
725 2227 829 2283 382)
851 2230 1043 2285 usurpari
1067 2229 1412 2272 Wilamowitzius
1434 2230 1737 2273 demonstravit
1757 2231 1805 2284 (l.
1826 2230 1898 2286 c.).
1914 2254 1970 2262 --

331 2303 517 2345 Ventum
549 2309 611 2345 est
641 2304 694 2345 ad
725 2304 863 2346 locum
895 2305 1050 2346 summi
1083 2305 1298 2348 momenti.
1366 2306 1540 2357 Qualem
1579 2320 1752 2349 uxorem
1787 2306 1968 2359 duxeris,

330 2378 407 2419 tali
437 2378 606 2420 fortuna
645 2379 784 2421 uteris.
853 2379 898 2422 Si
933 2394 998 2422 res
1035 2380 1144 2422 male
1178 2381 1386 2434 evenerit,
1425 2382 1609 2423 maxima
1647 2387 1770 2423 erunt
1815 2382 1969 2424 incom-

448 2507 493 2550 65)
520 2507 564 2541 cf.
591 2506 826 2542 Wilamowitz
854 2507 876 2542 l.
904 2519 932 2542 c.

450 2565 493 2607 66)
519 2565 542 2600 l.
563 2577 592 2600 c.
619 2577 653 2610 p.
672 2566 753 2601 521.

449 2623 493 2668 67)
520 2624 543 2659 1.
563 2635 591 2659 c.
619 2637 653 2670 p.
672 2625 752 2660 523.

448 2682 491 2724 68)
517 2683 729 2728 Imperativo
757 2685 817 2719 ΙΙΙ.
845 2696 936 2730 pers.
964 2684 1100 2730 aliquid
1127 2686 1283 2730 ponitur.

450 2741 494 2785 ⁶⁹)
521 2742 663 2777 Wilam.
691 2743 809 2778 Herm.
827 2744 894 2777 XV
916 2743 1003 2778 515:
1030 2743 1145 2788 „Laut
1161 2743 1250 2778 doch
1270 2743 1333 2778 der
1352 2742 1500 2787 Sophist
1518 2743 1702 2788 Antiphon
1717 2742 1816 2779 diese
1834 2743 1968 2780 Person
2005 2750 2012 2755 ‘

328 2799 442 2835 selbst
479 2801 658 2836 auftreten
695 2802 769 2836 und
807 2803 905 2838 Rede
944 2802 1084 2837 stehn.“
1117 2822 1160 2828 —-
1196 2802 1352 2845 Norden,
1392 2804 1475 2837 Ant.
1512 2802 1634 2847 Kstpr.
1666 2802 1682 2836 1
1720 2802 1814 2847 723.
1852 2801 1968 2847 129,1.

332 2859 516 2893 Traditum
544 2863 597 2895 est
622 2860 851 2908 προσελθέτω,
884 2861 980 2906 quod
1014 2861 1195 2906 Sauppius
1234 2861 1396 2896 correxit.
1447 2861 1589 2896 Scilicet
1619 2861 1682 2895 ubi
1714 2862 1881 2896 memoria
1912 2865 1968 2896 est

330 2917 381 2951 ita
406 2922 584 2963 corrupta,
625 2925 665 2954 ut
696 2921 734 2954 in
770 2921 825 2954 his
858 2920 1068 2965 fragmentis
1101 2924 1136 2955 et
1166 2921 1204 2955 in
1236 2920 1301 2955 hac
1332 2923 1480 2965 propter
1511 2920 1763 2965 compendium
1795 2919 1964 2966 ambigua

277 2980 279 2983 ’
330 2978 608 3022 praepositione,
634 2990 706 3014 una
731 2980 851 3015 littera
876 2980 968 3015 nihil
993 2980 1066 3016 fere
1095 2979 1198 3015 valet.
