2170 3412
316 338 379 378 καὶ
411 336 563 382 εὐταξία
594 339 670 377 τῶν
702 340 772 391 τῆς
802 340 934 392 ψυχῆς
965 339 1094 391 μερῶν
1126 337 1222 391 πρὸς
1242 336 1394 392 ἄλληλά
1415 352 1458 379 τε
1478 337 1650 392 καὶπερὶ
1681 337 1832 392 ἄλληλα
1862 340 1944 380 κτλ.

317 412 440 465 (Deff.
463 411 615 464 411d).
697 412 783 453 lam
815 425 941 467 supra
972 410 1155 453 vidimus
1179 411 1249 463 (ef.
1274 412 1320 453 fr.
1343 411 1420 466 61)
1441 411 1741 467 Antiphontem
1765 426 1945 465 monere,

317 491 362 528 ut
406 486 522 542 pueri
569 488 774 542 imperata
821 487 955 528 facere
1005 490 1288 538 consuescant,
1340 486 1401 528 ἵνα
1445 487 1498 541 μὴ
1550 486 1843 542 ἐξανδρούμενοι
1891 489 1947 534 εἰς

316 563 488 617 μεγάλην
521 562 741 616 μεταβολὴν
774 560 894 606 ἰόντες
925 561 1284 615 ἐκπλήσσοιντο.
1367 561 1532 604 Etenim
1571 562 1643 617 qui
1681 562 1840 617 legibus
1875 563 1945 605 ob·

315 642 544 692 temperare
575 651 658 679 non
689 635 847 688 didicit,
880 642 921 678 et
952 651 976 678 a
1005 650 1047 678 se
1079 637 1167 692 ipse
1198 636 1370 679 dissidet
1401 642 1443 679 et
1474 651 1567 679 cum
1600 637 1761 679 civibus
1792 637 1946 682 discor-

315 712 399 754 dat.
467 711 607 754 Iustus
640 716 779 753 autem
811 711 935 753 homo
969 717 1009 753 et
1040 712 1278 754 moderatus
1315 711 1541 767 tranquillo
1572 712 1712 755 animo
1746 712 1862 767 vivit,
1894 713 1944 755 cf.

315 787 503 829 Democr.
543 787 589 831 fr.
627 787 656 828 4
691 786 869 842 ἀῦαμβίη
899 786 1188 841 (ἀκαταπληξία
1233 787 1471 843 Nausiph.).
1548 788 1664 830 Hanc
1703 788 1830 842 igitur
1858 788 1946 830 vim

314 862 444 903 animi
482 876 622 903 secum
661 861 948 904 concordantis
986 862 1288 918 Antiphontem
1326 863 1463 918 ipsum
1501 876 1665 918 quoque
1703 862 1947 905 concordiae

312 936 536 978 subiecisse
572 935 836 992 suspicor⁴⁶).
914 937 1041 979 Cuius
1078 938 1134 978 rei
1175 937 1481 979 confirmandae
1519 951 1644 979 causa
1680 937 1781 980 haec
1817 937 1943 980 etiam

314 1013 482 1053 afferam
514 1017 774 1065 argumenta.
835 1012 941 1054 Nam
980 1012 1224 1054 Aristoteles
1261 1012 1522 1054 concordiam
1560 1012 1639 1054 nisi
1677 1013 1787 1055 inter
1817 1012 1948 1055 bonos

311 1087 534 1141 (ἐπιεικεῖς)
566 1100 655 1129 esse
686 1101 769 1129 non
803 1101 920 1142 posse
951 1087 1086 1130 docet:
1121 1086 1227 1129 οὖτοι
1256 1087 1327 1141 γὰρ
1366 1088 1429 1128 καὶ
1467 1088 1655 1133 ἑαυτοῖς
1691 1089 1944 1141 ὁμονοοῦσι

313 1163 377 1204 καὶ
408 1162 605 1215 ἀλλήλοις,
653 1162 728 1203 ἐπὶ
775 1166 863 1203 τῶν
909 1163 1061 1204 αὐτῶν
1107 1162 1237 1208 ὄντες
1280 1165 1335 1208 ὡς
1379 1163 1517 1204 εἰπεῖν·
1549 1167 1626 1204 τῶν
1657 1163 1842 1205 τοιούτων
1870 1162 1946 1218 γὰρ

314 1237 446 1291 μένει
483 1237 537 1278 τὰ
577 1238 858 1293 βουλήματα
902 1240 966 1280 καὶ
1012 1238 1056 1280 οὐ
1105 1241 1288 1294 μεταρρεῖ
1323 1239 1456 1294 ὥσπερ
1493 1237 1649 1294 εὔριπος
1691 1241 1773 1281 κτλ.
1828 1237 1943 1294 (Eth.

314 1314 472 1355 Nicom.
505 1312 562 1354 IX
580 1314 620 1354 6.
654 1313 832 1364 116713).
895 1313 1006 1356 Dicit
1037 1314 1164 1368 igitur
1200 1314 1272 1356 ille
1311 1313 1479 1368 quidem
1513 1314 1776 1356 concordiam
1814 1314 1945 1357 animi

311 1382 589 1424 constantiam
623 1383 830 1438 quandam
864 1397 952 1425 esse
983 1388 1026 1425 et
1055 1383 1326 1438 aequitatem,
1358 1397 1440 1438 qua
1472 1383 1690 1436 efficiatur,
1722 1389 1768 1426 ut
1798 1382 1942 1426 eadem

309 1458 364 1500 sit
394 1471 558 1513 semper
590 1457 782 1499 voluntas
814 1472 890 1499 nec
921 1457 1043 1500 modo
1076 1458 1228 1500 rationi
1260 1458 1381 1500 modo
1416 1457 1620 1514 voluptati
1645 1458 1809 1501 animus
1830 1458 1944 1501 obse·

310 1540 475 1587 quatur.
538 1532 805 1574 Simillimam
839 1533 1081 1575 concordiae
1103 1533 1420 1589 descriptionem
1449 1547 1499 1575 ex
1521 1533 1742 1576 Iamblichi
1763 1533 1946 1589 epistula

311 1609 398 1664 περὶ
431 1608 612 1662 ὁμονοίας
650 1608 832 1650 servavit
864 1607 1067 1650 Stobaeus
1095 1608 1155 1663 (II
1177 1608 1244 1663 33,
1273 1609 1336 1651 15.
1362 1608 1557 1651 Vorsok.²
1580 1608 1619 1650 II
1645 1611 1681 1651 1.
1710 1609 1766 1651 80
1787 1609 1820 1651 Β
1846 1609 1943 1664 448,

311 1699 350 1740 p.
384 1683 484 1737 597,
504 1684 602 1737 27):
644 1682 701 1724 ἔτι
733 1684 775 1724 δὲ
807 1683 982 1739 περιέχει
1011 1685 1087 1737 (se.
1120 1686 1146 1738 ἢ
1179 1683 1362 1738 ὃμόνοια)
1393 1684 1456 1725 καὶ
1487 1685 1556 1739 τὴν
1602 1685 1702 1730 ἑνὸς
1748 1685 1945 1726 ἑκάστου

309 1760 424 1815 πρὸς
457 1760 624 1800 ἑαυτὸν
657 1759 1004 1814 ὁμογνωμοσύνην·
1040 1759 1105 1814 ὑφ’
1138 1760 1224 1804 ἑνὸς
1255 1761 1324 1813 μὲν
1355 1761 1428 1815 γάρ
1460 1775 1515 1804 τις
1545 1761 1738 1814 νοήματος
1767 1760 1832 1802 καὶ
1854 1763 1945 1815 μιᾶς

308 1837 468 1890 γνώμης
498 1834 791 1889 κυβερνώμενος
824 1834 1018 1889 ὁμονοεῖ
1062 1835 1175 1889 πρὸς
1220 1834 1411 1890 ἑαυτόν,
1444 1837 1745 1891 διχογνωμονῶν
1776 1836 1820 1877 δὲ
1849 1835 1947 1890 πρὸς

311 1911 446 1952 ἑαυτὸν
478 1911 543 1952 καὶ
574 1910 739 1964 ἀνόμοια
770 1909 1018 1964 λογιζόμενος
1050 1911 1397 1957 ὃιαστασιάζει·
1436 1911 1500 1952 καὶ
1548 1910 1568 1951 ὃ
1616 1911 1696 1965 μὲν
1745 1910 1819 1952 ἐπὶ
1863 1914 1946 1966 τῆς

310 1987 384 2027 ἀεὶ
421 1985 568 2041 αὐτῆς
605 1985 842 2040 ἐπιμένων
884 1985 1188 2038 ὃιανοήσεως
1226 1986 1500 2041 ὁμοφροσύνης
1536 1986 1618 2028 ἐστὶ
1648 1986 1818 2041 πλήρης·
1849 1987 1870 2028 δ
1902 1987 1947 2029 δὲ

311 2061 514 2107 ἄστατος
546 2064 626 2106 τοῖς
654 2063 851 2114 λογισμοῖς
883 2061 947 2102 καὶ
979 2059 1119 2102 ἄλλοτε
1151 2059 1214 2101 ὑπ’
1244 2060 1367 2116 ἄλλης
1397 2060 1510 2116 δόξης
1531 2061 1748 2117 φερόμενος
1778 2061 1947 2104 ἀστάθ-

311 2138 459 2191 μητός
490 2137 572 2178 ἐστι
603 2136 667 2178 καὶ
699 2135 924 2190 πολέμιος
956 2137 1068 2190 πρὸς
1100 2136 1280 2177 ἑαυτόν.
1343 2134 1463 2178 Hunc
1494 2137 1631 2191 ipsum
1664 2137 1796 2179 animi
1826 2136 1945 2179 habi-

310 2222 414 2266 tum,
462 2226 542 2267 quo
594 2212 756 2266 ὃμόνοια
803 2215 872 2266 τῆς
917 2215 1050 2267 ψυχῆς
1096 2213 1192 2266 πρὸς
1239 2212 1382 2266 ἑαυτήν
1430 2211 1638 2266 definitur,
1685 2211 1947 2255 Democritus

311 2287 498 2340 εὐθυμίαν
531 2292 572 2330 et
603 2288 751 2329 εὐεστώ
784 2292 826 2330 et
857 2287 1043 2342 ἁρμονίαν
1075 2287 1272 2343 appellat.
1334 2287 1412 2337 Qui
1443 2300 1525 2328 non
1557 2287 1691 2329 solum
1728 2288 1947 2330 sententiis

313 2363 385 2405 sed
418 2363 712 2405 etiamverbis
749 2377 845 2405 cum
883 2362 1112 2404 Iamblicho
1154 2376 1286 2418 paene
1326 2368 1539 2415 consonat,
1578 2376 1673 2404 cum
1712 2362 1764 2404 de
1795 2362 1947 2405 animis

308 2452 450 2480 secum
482 2438 818 2480 discordantibus
854 2437 956 2479 haec
997 2437 1100 2479 dicit
1129 2436 1199 2491 (fr.
1226 2437 1346 2491 191):
1394 2437 1636 2491 ἀνθρώποισι
1666 2438 1739 2492 γὰρ
1771 2437 1944 2492 εὐθυμίῃ

309 2513 452 2566 γίνεται
497 2512 718 2568 μετριότητι
762 2511 916 2567 τέρψιος
961 2513 1025 2553 καὶ
1077 2512 1159 2567 βίου
1211 2512 1448 2567 συμμετρίῃ·
1488 2511 1535 2552 τὰ
1571 2510 1605 2553 δ’
1621 2512 1847 2553 ἐλλείποντα
1881 2513 1946 2554 καὶ

313 2589 604 2644 ὑπερβάλλοντα
637 2588 885 2644 μεταπίπτειν
932 2603 972 2629 τε
1017 2589 1124 2642 φιλεῖ
1166 2588 1230 2628 καὶ
1278 2588 1446 2641 μεγάλας
1478 2587 1651 2642 κινήσιας
1691 2587 1864 2641 ἐμποιεῖν
1894 2591 1945 2643 τῇ

313 2667 440 2719 ψυχῇ.
503 2665 542 2705 αἱ
575 2663 608 2705 δ’
647 2664 691 2705 ἐκ
729 2665 910 2718 μεγάλων
941 2665 1274 2718 διαστημάτων
1306 2663 1526 2718 κινούμεναι
1556 2667 1633 2704 τῶν
1665 2663 1826 2719 ψυχέων
1857 2661 1947 2704 οὔτε

312 2738 569 2784 εὐσταθέες
606 2740 700 2780 εἰσὶν
738 2737 828 2780 οὔτε
865 2738 1030 2793 εὔθυμοι
1069 2741 1148 2780 κτλ.
1187 2739 1294 2781 Item
1325 2738 1543 2781 inimicum
1576 2738 1657 2780 Sibi
1688 2739 1827 2794 ipsum
1857 2739 1947 2782 fieri

434 2912 477 2954 ⁴⁶)
503 2913 715 2957 Toepferum
743 2913 809 2948 hoc
835 2913 976 2958 quidem
1002 2917 1097 2948 recte
1123 2913 1347 2948 intellexisse
1374 2916 1459 2958 puto
1487 2913 1525 2958 (1.
1543 2923 1572 2948 c.
1599 2925 1632 2958 p.
1651 2914 1725 2958 46),
1751 2913 1814 2949 sed
1837 2913 1875 2948 in
1902 2923 1944 2949 eo

316 2971 458 3014 erravit,
486 2971 578 3016 quod
608 2972 842 3016 Antiphontis
870 2971 1027 3016 ὁμόνοιαν
1054 2973 1119 3007 hac
1144 2972 1220 3007 sola
1245 2973 1391 3007 notione
1418 2972 1589 3007 definivit.
