2170 3412
929 223 1215 266 ..43-

255 343 401 382 contra
429 338 664 391 Socratem,
702 338 775 394 qui
812 351 858 381 ee
895 351 1141 394 persuasum
1169 336 1321 379 habere
1351 335 1525 378 simulat
1555 336 1767 390 virtutem,
1799 336 1887 378 cui-

256 427 435 469 cumque
477 413 685 469 obtigerit,
731 418 882 456 natura
926 413 1099 455 insitam
1142 426 1220 455 sua
1262 417 1408 468 sponte
1451 425 1631 453 crescere
1669 416 1711 453 et
1746 411 1888 465 augeri

255 503 389 543 neque
420 488 558 531 doceri
589 502 722 545 posse,
755 489 998 543 Protagoras
1019 488 1122 530 dicit
1141 487 1338 530 omnibus
1359 486 1599 529 hominibus
1620 485 1699 528 etsi
1721 486 1887 528 virtutis

255 564 390 607 civilis
428 564 633 619 quaedam
678 563 840 606 indoles
876 563 1005 606 insita
1040 563 1095 605 sit
1125 563 1193 616 (cf.
1227 561 1343 604 3222d
1384 595 1393 603 .
1423 594 1432 604 .
1461 562 1601 607 πάντες
1639 560 1886 616 μετεχόντων

255 639 343 682 scil.
381 639 491 695 δίκης
527 640 592 681 καὶ
628 639 801 693 αἰδοῦς),
841 644 982 681 tamen
1021 638 1267 680 educatione
1302 651 1406 694 opus
1436 650 1543 688 esse,
1584 642 1630 679 ut
1659 637 1792 682 αἰδοῦς
1823 637 1887 678 καὶ

255 714 364 769 δίκης
399 727 546 756 sensus
582 713 797 756 excolatur
833 718 959 768 atque
997 714 1276 755 confirmetur.
1338 713 1426 764 Quo
1463 725 1588 754 sensu
1625 717 1664 754 et
1697 713 1886 768 appetitu

256 790 328 845 qui
365 795 505 832 careat
540 788 625 842 (τὸν
665 789 719 844 μὴ
758 789 969 843 δυνάμενον
1006 789 1138 834 αἰδοῦς
1167 789 1232 830 καὶ
1262 788 1374 843 δίκης
1405 787 1584 843 μετέχειν
1617 786 1721 841 κτλ.)
1752 801 1886 842 neque

256 864 425 906 omniuo
461 863 599 906 doceri
637 864 783 919 possit,
823 878 991 920 prorsus
1028 869 1147 906 extra
1183 863 1426 907 societatem
1462 863 1692 905 humanam
1729 868 1771 905 et
1802 863 1886 904 fere

255 939 434 982 bestiam
463 952 551 982 esse
581 938 652 993 (cf.
676 938 805 991 322a,
838 939 963 991 3230,
986 939 1137 995 32522).
1184 938 1395 981 Virtutem
1417 943 1556 980 autem
1581 938 1713 994 ipsam
1736 942 1888 979 natura

253 1014 444 1057 innatam
481 1028 564 1057 non
601 1027 690 1057 esse
721 1014 793 1068 (cf.
817 1014 931 1057 3230
967 1014 1012 1056 οὐ
1044 1014 1158 1070 φύσει
1189 1012 1276 1056 οὐδ’
1304 1013 1382 1055 ἀπὸ
1413 1016 1481 1055 τοῦ
1513 1012 1776 1067 αὐτομάτου),
1813 1012 1886 1054 sed

253 1089 390 1132 studio
421 1095 463 1132 et
490 1089 786 1132 exercitatione
814 1096 856 1131 et
877 1090 1066 1132 doctrina
1086 1089 1318 1146 comparari
1341 1089 1412 1144 (cf.
1431 1088 1570 1131 322d:
1603 1088 1643 1134 ἐξ
1666 1088 1886 1143 ἐπιμελείας

254 1166 318 1206 καὶ
349 1164 559 1219 ἀσκήσεως
588 1165 654 1206 καὶ
686 1165 884 1220 διδαχῆς).
936 1165 1023 1207 Nec
1054 1178 1151 1207 vero
1183 1178 1326 1207 omnes
1358 1151 1547 1206 doctrina
1567 1163 1752 1206 instituti
1774 1162 1886 1205 idem

254 1245 576 1295 consequuntur,
609 1239 708 1295 quia
738 1240 846 1282 alius
877 1239 1048 1282 meliore
1077 1239 1183 1282 alius
1210 1239 1413 1283 deteriore
1433 1238 1574 1281 indole
1595 1237 1809 1295 praeditus
1831 1238 1888 1280 sit

253 1314 326 1368 (cf.
345 1315 426 1357 327
437 1330 476 1357 c:
508 1314 1007 1370 εὐφυέστατος-ἀφυής).
1048 1315 1206 1358 Tamen
1228 1314 1440 1357 hominem
1463 1315 1591 1356 etiam
1614 1313 1727 1356 mala
1746 1313 1887 1356 indole

254 1389 506 1445 praeditum,
539 1389 764 1432 dummodo
796 1390 984 1432 eruditus
1014 1391 1083 1442 sit,
1114 1404 1161 1432 eo
1193 1390 1265 1446 qui
1287 1389 1521 1432 eruditione
1542 1389 1711 1432 omnino
1733 1393 1886 1441 careat,

252 1477 419 1520 semper
460 1478 547 1507 esse
592 1465 937 1521 praestantiorem
981 1466 1052 1520 (cf.
1092 1464 1316 1522 327csq.).
1382 1464 1477 1507 Tali
1522 1470 1663 1507 autem
1709 1464 1885 1517 ratione,

253 1540 446 1595 quamvis
478 1555 502 1582 a
523 1540 696 1583 Platone
728 1541 947 1583 obscurata
978 1541 1044 1595 sit,
1078 1542 1345 1596 Protagoram
1374 1541 1514 1597 ipsum
1544 1553 1634 1583 esse
1664 1553 1785 1582 usum
1809 1539 1886 1582 hoc

252 1615 492 1658 testimonio
522 1616 793 1658 confirmatur
814 1615 1030 1670 (Vorsokf
1059 1617 1157 1668 Ill,
1191 1616 1287 1659 74ss
1310 1615 1336 1659 3
1367 1630 1406 1672 p.
1431 1615 1633 1671 537,16):
1667 1615 1725 1657 ὅτι
1756 1615 1797 1656 ἐν
1828 1618 1885 1670 τῷ

253 1689 551 1746 ἐπιγραφομένῳ
590 1689 766 1747 Μεγάλῳ
805 1691 910 1746 λόγῳ
949 1692 969 1733 ὁ
1004 1690 1051 1733 Π.
1084 1691 1187 1734 εἶπε·
1229 1690 1406 1747 ’φύσεως
1443 1691 1507 1733 καὶ
1543 1690 1752 1746 ἀσκήσεως
1788 1691 1888 1732 διδα·

254 1766 393 1808 σκαλία
435 1764 565 1808 δεῖται’
609 1767 673 1808 καὶ
704 1765 804 1808 ‘cino
841 1766 1022 1822 νεότητος
1057 1767 1101 1808 δὲ
1137 1766 1379 1822 ἀρξαμένους
1416 1768 1477 1808 δεῖ
1512 1765 1749 1820 μανθάνειν’.
1826 1766 1885 1808 Cf.

254 1841 314 1883 Pl.
338 1841 449 1884 Prot.
472 1841 604 1884 3250:
637 1842 682 1884 ἐκ
711 1842 860 1884 παίδων
891 1846 1067 1898 σμικρῶν
1098 1842 1306 1898 ἀρξάμενοι
1337 1840 1486 1897 κτλ.”)
1545 1841 1633 1884 Etsi
1664 1841 1790 1897 igitur
1820 1842 1885 1884 in-

254 1916 359 1960 dolis
396 1923 556 1974 partem
594 1917 748 1972 (φύσις)
784 1932 868 1960 non
907 1918 1168 1973 neglegebat,
1212 1925 1355 1960 tamen
1393 1917 1444 1960 ad
1483 1918 1681 1960 virtutem
1719 1917 1886 1960 civilem

253 1992 575 2048 comparandam
630 1993 857 2048 plurimum
909 1993 1048 2036 valere
1098 1993 1275 2049 putabat
1325 1993 1559 2036 doctrinam
1607 1992 1796 2048 (διδαχή)
1846 1998 1888 2036 et

254 2067 592 2110 exercitationem
639 2068 984 2124 diligentiamque
1029 2068 1227 2124 (ἄσκησις,
1273 2068 1510 2124 ἐπιμέλεια).
1585 2070 1723 2124 Atque
1765 2068 1885 2111 Euri-

255 2141 383 2197 pides,
416 2142 607 2197 quamvis
638 2142 733 2185 aliis
763 2143 864 2185 locis
895 2143 1015 2186 aliter
1044 2144 1220 2186 sentiret
1239 2142 1312 2198 (cf.
1337 2144 1462 2200 Hipp.
1479 2144 1578 2195 919,
1600 2144 1649 2186 fr,
1666 2144 1763 2186 810.
1781 2144 1886 2199 904)

253 2216 518 2274 disciplinam
566 2218 656 2260 eius
695 2218 890 2274 probavit
925 2219 1093 2275 (Suppl.
1122 2219 1346 2275 9llsqq.):
1393 2221 1436 2261 τὸ
1483 2220 1555 2275 γὰρ
1601 2223 1793 2275 τραφῆναι
1831 2220 1885 2275 μὴ

254 2297 385 2339 κακῶς
422 2293 521 2335 αἰδῶ
558 2293 686 2349 φέρει·
724 2294 950 2350 αἰσχύνεται
986 2288 1029 2336 δὲ
1059 2292 1199 2350 τάγάθ’
1229 2295 1442 2350 ἀσκήσας
1472 2295 1570 2350 ἀνὴρ
1602 2297 1721 2340 κακὸς
1751 2296 1888 2350 κεκλῆ·

255 2369 348 2410 σθαι
385 2371 460 2413 πᾶς
491 2384 558 2414 τις.
619 2370 644 2424 ἡ
678 2368 712 2410 δ’
747 2369 927 2425 εὐανδρία
965 2369 1202 2419 διδακτός,
1238 2369 1347 2426 εἴπερ
1385 2371 1448 2412 καὶ
1487 2370 1628 2427 βρέφος
1666 2372 1887 2413 διδάσκεται

254 2442 378 2498 λέγειν
425 2443 580 2486 ἀκούειν
622 2443 661 2485 θ’
696 2446 750 2486 ὧν
783 2446 962 2501 μάθησιν
1002 2445 1073 2488 οὐκ
1119 2443 1217 2502 ἔχει.
1278 2445 1303 2487 ἃ
1341 2445 1376 2487 δ’
1412 2445 1458 2488 ἂν
1497 2447 1608 2502 μάθῃ
1647 2462 1721 2495 τις,
1768 2448 1889 2489 ταῦτα

255 2517 456 2574 σῴζεσθαι
506 2522 613 2575 φιλεῖ
659 2521 756 2576 πρὸς
804 2524 940 2576 γῆρας.
1008 2521 1111 2563 οὕτω
1162 2522 1303 2567 παῖδας
1352 2521 1395 2563 εὖ
1449 2522 1652 2564 παιδεύετε
1671 2520 1736 2576 ⁹⁹).
1814 2522 1889 2564 His

374 2667 418 2710 ⁹⁸)
443 2669 488 2703 cf.
514 2669 596 2704 adu.
616 2669 671 2705 98.

375 2727 419 2770 ⁹⁹)
447 2727 541 2763 Haec
568 2729 661 2763 enim
689 2739 761 2764 non
789 2729 833 2763 ad
861 2729 1059 2770 Prodicum,
1092 2732 1131 2763 ut
1157 2728 1364 2765 Welckerus
1390 2730 1464 2774 (Kl.
1491 2729 1588 2765 Schr.
1608 2730 1638 2765 11
1665 2729 1760 2775 509),
1786 2741 1886 2776 quem

257 2785 420 2820 Nesueus
438 2786 599 2832 sequitur
622 2787 659 2830 (l.
678 2798 705 2821 c.
734 2798 768 2833 p.
786 2787 858 2831 71),
886 2792 997 2831 putat,
1023 2787 1086 2822 sed
1112 2787 1157 2822 ad
1178 2788 1405 2835 Protagoram
1431 2793 1590 2834 spectare
1609 2800 1652 2824 ex
1671 2800 1711 2825 eo
1730 2793 1888 2835 apparet,

256 2844 348 2889 quod
383 2845 507 2880 eodem
540 2845 684 2890 linguae
716 2846 906 2881 discendae
938 2850 1148 2891 argumento
1181 2847 1227 2889 (v.
1251 2847 1319 2882 914
1334 2849 1403 2894 sq.)
1442 2847 1731 2894 Disputationum
1764 2853 1889 2884 auctor

255 2902 381 2946 (Δισσοὶ
406 2904 511 2949 λόγοι,
537 2904 705 2940 Vorsok.²
738 2905 767 2940 11
798 2906 828 2948 1,
856 2905 913 2941 83.
940 2906 1015 2949 6,ss
1035 2906 1103 2950 sq.)
1129 2906 1253 2949 utitur,
1280 2917 1382 2952 quem
1403 2907 1616 2953 Protagorae
1642 2908 1886 2943 auctoritatem

255 2962 312 3005 (cf.
353 2962 404 2997 Pl.
445 2963 539 2998 Prot.
564 2962 634 2998 325
648 2974 678 2999 c.
716 2963 828 3008 3270)
866 2968 1027 3000 secutum
1066 2974 1144 3000 esse
1177 2964 1336 3001 Zellerus
1374 2966 1631 3002 demonstravit
1673 2967 1711 3010 (Ι.
1735 2978 1765 3002 c.
1799 2966 1834 3002 1⁵
1866 2967 1887 3002 2
