2170 3412
351 362 434 404 iam
467 377 491 404 a
522 362 753 405 Gaissordio
792 362 955 418 agnitos
991 377 1040 405 ex
1079 363 1290 419 tragoedia
1331 363 1514 419 quadam
1559 371 1748 422 sumptos
1791 380 1878 410 esse
1923 381 1976 411 ne

350 437 538 480 Nauckio
571 437 735 480 credam
769 452 910 480 vereor
944 438 1015 492 (cs.
1048 439 1096 480 fr.
1129 444 1232 494 trag.
1265 438 1404 494 adesp.
1435 439 1556 494 456).
1622 438 1729 483 Nam
1760 440 1842 484 alia
1873 455 1975 498 quo·

351 526 431 569 que
462 512 504 555 in
537 512 779 567 fragmentis
801 513 1074 569 Antiphontis
1101 520 1328 556 metrorum
1361 514 1535 570 vestigia
1555 515 1839 569 inveniuntur,
1870 531 1977 573 quae

348 588 399 630 ad
446 594 590 644 poetas
629 588 770 631 referri
818 588 934 631 nullo
973 588 1095 632 modo
1132 594 1321 645 possunt.
1388 590 1710 646 Anapaesticum
1757 605 1975 636 numerum

348 663 544 720 praebere
576 682 630 706 uo
654 688 708 695 —
740 664 814 720 γὰρ
852 664 957 719 ἀγὼν
988 666 1112 720 γάμος
1150 665 1350 721 ἀνθρώπῳ
1390 665 1572 709 Blassius
1611 665 1728 709 vidit.
1796 667 1853 710 At
1883 681 1976 711 ver-

348 753 441 781 sum
479 744 624 795 poetae
664 754 744 782 non
784 739 951 782 subesse
988 745 1172 796 apparet.
1240 740 1353 783 Idem
1398 740 1620 784 dicendum
1664 746 1729 784 est
1764 741 1815 784 de
1850 747 1976 786 tetra·

348 820 479 857 metro
515 814 678 866 cretico,
712 814 782 870 qui
806 815 1011 857 Blassium
1046 815 1175 870 sugit:
1212 818 1276 857 καὶ
1307 817 1443 870 γάμων
1475 817 1538 858 καὶ
1570 816 1750 870 γυναικὸς
1779 815 1976 874 ἐπιθυμη-

348 890 455 931 σοίτω
486 890 554 943 (sr.
579 890 665 942 49),
702 889 752 932 de
783 890 960 934 dimetro
993 890 1199 933 trochaico
1231 890 1296 933 ἴσα
1327 893 1562 947 φρονοῦντας
1594 890 1661 934 ἴσα
1691 890 1889 947 πνέοντας,
1925 892 1977 935 de

348 965 512 1021 enoplio
544 966 591 1007 fr.
615 966 667 1007 57
702 964 814 1011 νόσος
844 967 1026 1007 δειλοῖσιν
1058 966 1188 1022 ἑορτή,
1221 980 1328 1021 quae
1361 973 1506 1022 poetae
1537 966 1712 1009 alicuius
1735 967 1860 1010 verba
1888 966 1977 1012 lau·

347 1041 444 1083 data
490 1055 576 1083 esse
607 1040 876 1097 Gomperzius
907 1040 1166 1094 censuit¹²⁶).
1245 1042 1291 1084 In
1325 1042 1373 1083 fr.
1402 1041 1457 1084 62
1501 1041 1612 1096 (sine
1650 1041 1847 1086 lemmate
1885 1047 1978 1099 post

348 1115 395 1156 fr.
419 1115 473 1157 61
509 1114 684 1169 tradito)
713 1115 787 1170 οἵῳ
817 1130 874 1161 τις
906 1114 951 1157 ἂν
982 1116 1026 1157 τὸ
1058 1117 1238 1157 πλεῖστον
1261 1118 1329 1171 τῆς
1351 1115 1499 1171 ἡμέρας
1521 1119 1618 1171 συνῇ
1650 1117 1736 1158 κτλ.
1768 1115 1979 1159 trimetros

347 1190 546 1233 iambicos
584 1190 718 1233 inesse
750 1190 994 1247 Spengelius
1030 1190 1264 1248 suspicatus
1298 1190 1524 1234 Menandro
1563 1191 1768 1234 attribuit.
1830 1191 1888 1235 At
1916 1198 1979 1235 est

348 1264 426 1306 hoc
480 1264 695 1320 scriptoris
739 1265 1026 1321 Antiphontis.
1107 1265 1206 1308 Alia
1257 1265 1421 1308 numeri
1472 1265 1671 1308 trochaici
1721 1270 1763 1308 et
1807 1264 1977 1309 iambici

347 1338 540 1394 exempla
576 1338 719 1381 attulit
749 1338 1084 1395 Toepferus¹'⁶):
1132 1340 1180 1382 fr.
1203 1340 1259 1382 49
1297 1339 1338 1381 εἴ
1374 1355 1438 1395 μοι
1467 1339 1616 1395 γένοιτο
1647 1344 1765 1397 σῶμα
1795 1372 1806 1382 .
1829 1371 1839 1381 .
1864 1372 1874 1383 .
1905 1339 1977 1383 οὐκ

347 1411 392 1453 ἂν
429 1413 615 1468 δυναίμην
654 1415 723 1467 ζῆν
757 1446 765 1454 .
790 1446 799 1455 .
824 1446 832 1455 .
876 1413 1001 1459 οὕτως
1038 1413 1197 1470 ἐμαυτῷ
1239 1413 1365 1456 πολλὰ
1400 1414 1609 1470 πράγματα
1645 1414 1830 1471 παρέχων
1862 1447 1872 1457 .
1897 1447 1907 1457 .
1931 1447 1942 1457 .
1963 1446 1974 1458 .

348 1486 445 1542 ὑπέρ
481 1503 524 1528 τε
559 1489 627 1528 τοῦ
666 1486 757 1529 καθ’
794 1487 945 1543 ἡμέραν
978 1489 1061 1544 βίου
1095 1521 1103 1531 .
1127 1519 1136 1530 .
1164 1521 1173 1529 .
1198 1521 1206 1529 .
1240 1489 1304 1530 καὶ
1350 1489 1394 1530 τὸ
1440 1487 1649 1544 πρόσωπον
1687 1488 1816 1530 οὐκέτι
1861 1487 1977 1531 ταύτό

348 1562 524 1616 (Adonii
570 1562 684 1617 duo).
730 1587 786 1593 -
832 1563 895 1605 Fr.
918 1564 973 1606 59
1011 1563 1056 1605 οὐ
1094 1563 1165 1619 γὰρ
1207 1562 1295 1606 ἔσθ’
1334 1563 1424 1606 ὅτου
1462 1564 1660 1619 κρατήσας
1690 1563 1806 1610 αὐτὸς
1836 1563 1977 1606 ἑαυτὸν

346 1637 507 1693 κόσμιον
554 1638 780 1694 παρέχεται,
827 1638 990 1681 numeri
1038 1639 1249 1682 trochaici.
1292 1664 1346 1668 ——
1384 1639 1447 1681 Fr.
1471 1639 1523 1682 61
1564 1639 1755 1695 ἀναρχίας
1789 1637 1826 1681 δ’
1862 1638 1976 1682 οὐδὲν

346 1714 478 1756 κάκιον
501 1713 736 1769 ἀνθρώποις,
760 1714 948 1761 trimeter
970 1714 1153 1757 claudus.
1205 1714 1361 1758 Eodem
1383 1714 1504 1758 modo
1528 1715 1720 1770 Agathon
1744 1715 1975 1758 orationem

346 1804 465 1832 suam
489 1788 632 1832 metris
653 1789 864 1832 instruxit.
908 1790 1110 1846 Exempla
1131 1790 1276 1832 attulit
1298 1790 1515 1832 Nordenus
1530 1788 1615 1842 ¹²⁷):
1638 1789 1698 1832 Pl.
1718 1790 1843 1833 Couv.
1866 1789 1977 1833 1960

349 1867 426 1908 πᾶς
455 1863 528 1919 γὰρ
561 1863 661 1905 ἑκὼν
685 1861 836 1919 ’Έρωτι
867 1866 942 1905 πᾶν
975 1864 1171 1919 ὑπηρετεῖ.
1225 1864 1336 1906 1970
1366 1867 1446 1909 τοῖς
1477 1863 1609 1910 ἄλλοις
1640 1863 1771 1906 ἄλλων
1793 1864 1976 1906 τοιούτων

348 1938 467 1984 αἴτιος
498 1937 595 1980 εἶναι
626 1938 858 1982 hexametri
888 1938 994 1981 dact.
1018 1939 1166 1981 exitus.
1229 1938 1348 1981 Addo
1380 1938 1490 1981 hunc
1521 1939 1755 1982 hexametri
1785 1939 1975 1982 initium:

354 2014 467 2056 1952..
511 2014 614 2056 οὕτω
652 2015 700 2070 δὴ
738 2015 803 2056 τὸν
833 2012 998 2070 *Ερωτα
1035 2015 1099 2056 καὶ
1130 2015 1268 2070 ἡμᾶς.
1291 2045 1302 2056 .
1363 2014 1547 2070 Uterque
1592 2029 1687 2057 cum
1730 2014 1809 2058 hoc
1852 2013 1976 2058 modo

350 2089 493 2133 metris
524 2090 670 2142 utitur,
703 2089 977 2132 vetustiorum
1014 2090 1263 2146 scriptorum
1301 2104 1459 2132 morem
1495 2089 1695 2146 sequitur.
1756 2090 1897 2146 Atque
1933 2089 1975 2132 id

349 2165 500 2222 ipsum,
533 2165 643 2221 quod
675 2165 893 2208 Nordenus
925 2165 975 2207 de
1008 2165 1218 2208 Heraclito
1249 2170 1291 2208 et
1313 2165 1520 2208 Herodoto
1553 2163 1760 2220 dicit¹²⁸):
1804 2163 1875 2207 Wo
1905 2165 1978 2206 der

351 2243 486 2283 Autor
514 2240 641 2282 holzen
661 2239 867 2297 Sckwunq
892 2242 1051 2293 nimmt,
1084 2241 1170 2296 lcisst
1200 2255 1243 2283 er
1273 2240 1511 2282 metra-when
1545 2239 1592 2282 W
1592 2240 1739 2295 ortfall
1766 2241 1976 2291 eintretm,

349 2331 432 2359 non
477 2316 617 2359 minus
654 2315 707 2358 ad
746 2316 947 2371 quosdam
979 2316 1151 2371 Gorgiae
1188 2316 1338 2359 aetatis
1367 2316 1590 2372 scriptores
1636 2315 1828 2372 pertinet.
1890 2315 1977 2358 Nec

350 2406 444 2434 vero
477 2392 654 2435 dubium
684 2397 759 2445 est,
796 2392 896 2448 quin
927 2391 1110 2434 maxime
1140 2391 1252 2434 inter
1271 2391 1477 2448 sophistas
1499 2391 1717 2447 magnifico
1740 2395 1782 2434 et
1811 2391 1971 2448 poetico

348 2481 538 2511 sermone
569 2468 754 2510 floruerit
784 2467 1013 2524 Antiphon.

464 2545 577 2595 Quae
609 2557 704 2586 cum
733 2543 794 2586 ita
823 2543 919 2598 sint,
953 2557 1005 2586 ne
1036 2543 1087 2586 de
1109 2542 1370 2585 Antisthenis
1401 2542 1570 2598 quidem
1603 2541 1977 2586 declamationibus

351 2619 730 2662 Radermacherum
750 2623 861 2662 recte
882 2618 1086 2661 iudicasse
1109 2623 1210 2674 puto
1226 2617 1309 2673 ¹²⁹),
1341 2617 1449 2673 quod
1472 2618 1756 2674 compluribus
1785 2618 1829 2660 in
1850 2617 1977 2662 Ulixe

471 2763 527 2807 ¹²⁵)
553 2764 597 2799 cf.
622 2764 775 2809 Toepfer
799 2763 822 2799 1.
842 2774 870 2799 c.
899 2774 933 2809 p.
951 2763 1009 2799 39.
1055 2793 1066 2803 χ

472 2823 531 2868 126)
557 2823 580 2858 l.
599 2834 627 2858 c.
653 2835 688 2869 p.
705 2823 753 2859 40
766 2833 843 2869 sqq.

471 2882 528 2927 ¹²⁷)
556 2882 579 2917 1.
598 2892 627 2917 c.
653 2893 687 2927 p.
706 2881 763 2916 74.
804 2900 806 2902 -

472 2940 529 2986 ¹²⁸)
555 2941 579 2975 l.
598 2951 627 2976 c.
652 2951 687 2985 p.
705 2939 762 2975 45.

471 2999 530 3043 ¹²⁹)
557 3000 623 3033 Rh.
649 3000 693 3034 M.
720 2998 849 3033 XLVII
876 2998 996 3043 (1892)
1023 3010 1057 3044 p.
1075 2999 1143 3034 569
1157 3009 1232 3044 sqq.
