2170 3412
1032 242 1318 285 -64-

550 354 586 395 Α
632 353 666 395 εἰ
696 353 770 409 γὰρ
800 354 914 410 τύχοι
947 355 1002 410 μὴ
1035 355 1236 410 ἐπιτήδεια
1266 356 1469 413 γενόμενα,

630 428 669 469 τί
694 429 774 484 χρὴ
807 432 858 483 τῇ
891 433 1073 485 συμφορᾷ
1103 431 1299 487 κρῆσθαι;

631 517 656 544 a
699 504 871 559 χαλεπαὶ
904 505 973 558 μὲν
1005 505 1208 558 ἐκπομπαί
1234 539 1243 549 .
1277 539 1288 550 .
1321 540 1330 550 .

634 578 657 619 b
695 579 870 634 χαλεπὸν
902 580 945 621 δὲ
975 580 1275 636 mutianum)
1306 615 1315 624 .
1348 616 1358 625 .
1391 613 1402 624 .

549 668 594 712 A'
631 670 727 726 φέρε
757 671 822 726 δή,
855 672 909 727 μὴ
941 672 989 714 τὰ
1019 674 1231 728 παλίγκοτα
1262 674 1453 730 λέγωμεν,

629 746 807 800 λεγέσθω
838 747 886 789 τὰ
917 748 1071 790 πάντων
1102 749 1409 805 ἐπιτηδειότατα.

629 819 663 863 a'
698 822 738 863 τί
762 821 836 878 γὰρ
867 823 975 878 ἥδιον
1008 857 1017 866 .
1051 856 1060 866 .
1093 856 1103 865 .

629 891 666 938 b'
698 897 739 938 τί
765 898 808 939 δὲ
838 898 1069 954 γλυκύτερον
1101 931 1112 941 .
1147 932 1156 942 .
1190 931 1200 942 .

549 987 583 1030 Β
629 989 670 1031 ἐν
701 993 759 1046 τῷ
792 990 900 1046 αὐτῷ
936 1023 1113 1034 ......
1146 990 1244 1035 ἔνθα
1273 993 1317 1035 τὸ
1348 994 1435 1049 ἡδύ,

626 1063 751 1107 ἔνεστι
781 1066 943 1120 πλησίον
976 1098 1155 1109 ......
1188 1068 1252 1110 καὶ
1282 1069 1327 1110 τὸ
1357 1069 1544 1124 λυπηρόν.

548 1139 583 1181 Β
627 1140 668 1182 αἱ
699 1140 772 1196 γὰρ
802 1142 938 1197 ἡδοναὶ
970 1141 1040 1184 οὐκ
1071 1142 1135 1184 ἐπὶ
1170 1147 1282 1199 σφῶν
1313 1143 1443 1186 αὐτῶν
1474 1145 1770 1202 ἐμπορεύονται,

625 1214 705 1257 ἀλλ’
744 1216 1030 1260 ἀκολουθοῦσιν
1058 1218 1192 1264 αὐταῖς
1222 1221 1340 1261 λῦπαι
1372 1221 1436 1263 καὶ
1467 1222 1591 1263 πόνοι.

552 1307 582 1350 C
628 1308 713 1351 ἐπεὶ
744 1310 809 1351 καὶ
841 1310 1117 1364 ὀλυμπιονῖκαι
1148 1344 1158 1354 .
1182 1345 1191 1354 .
1217 1346 1227 1355 .

624 1383 670 1426 ἐκ
701 1386 882 1439 μεγάλων
913 1388 1156 1442 λυπημοίτων
1187 1387 1368 1430 ἐθέλουσι
1399 1390 1719 1445 παραγίγνεσθαι.

546 1470 584 1513 (ἵ
622 1472 730 1526 τιμαὶ
762 1474 835 1528 γὰρ
867 1474 934 1515 καί
960 1472 1066 1516 ἆθλα
1097 1507 1107 1517 .
1132 1508 1141 1516 .

623 1547 752 1588 πόνων
785 1548 849 1589 καὶ
881 1548 1057 1603 ἱδρώτων
1089 1549 1143 1593 εἰς
1175 1549 1343 1604 ἀνάγκας
1375 1550 1616 1594 καθιστᾶσιν.

535 1639 570 1681 D
616 1639 696 1694 ἐγὼ
728 1641 816 1695 γάρ,
847 1639 889 1681 εἴ
914 1656 979 1694 μοι
1010 1641 1158 1696 γε’νοιτο
1189 1646 1307 1696 σῶμα
1337 1642 1467 1698 ἕτερον
1498 1646 1670 1686 τοιοῦτον

619 1713 769 1770 <ἐπιμε)
780 1715 821 1760 ὲς
853 1715 912 1770 ὃν)
943 1716 1024 1757 οἷον
1056 1717 1134 1771 ἐγὼ
1166 1716 1426 1774 ἐμαυτῷηο),

621 1789 693 1832 οὐκ
724 1789 769 1831 ἄν
801 1791 990 1846 δυναίμην
1023 1795 1107 1847 ζῆν,

622 1865 747 1910 οὕτως
777 1865 938 1923 ἐμαυτῷ
971 1867 1097 1908 πολλὰ
1128 1869 1337 1923 πράγματα
1368 1868 1554 1925 παρέχων

621 1939 719 1996 ὑπέρ
749 1956 791 1982 τε
821 1944 892 1996 τῆς
923 1942 1066 1996 ὑγιείας
1097 1945 1164 1983 τοῦ
1197 1944 1380 1997 σώματος

618 2015 716 2071 ὑπέρ
748 2031 789 2057 τε
819 2019 887 2058 τοῦ
919 2013 1014 2058 καθ’
1046 2017 1197 2073 ἡμέραν
1229 2018 1313 2074 βίου
1344 2019 1384 2064 ἐς
1415 2020 1484 2074 τὴν
1516 2018 1813 2077 ξυλλογὴν”0“)

619 2090 717 2147 ύπέρ
747 2107 790 2133 τε
821 2091 936 2148 δόξης
965 2095 1030 2134 καὶ
1063 2093 1320 2150 σωφροσύνης
1350 2095 1415 2136 καὶ
1445 2093 1716 2150 εὐκλείαςω).

536 2175 579 2219 D¹
617 2178 656 2219 τί
683 2177 764 2230 οὖν,
796 2178 837 2220 εἴ
863 2195 927 2234 μοι
956 2179 1104 2234 γένοιτο
1136 2184 1254 2236 σῶμα
1284 2181 1416 2236 ἕτερον
1447 2185 1634 2237 τοιοῦτον,

622 2252 645 2294 ὅ
673 2253 718 2308 γέ
750 2270 816 2308 μοι
847 2255 971 2300 οὕτως
1003 2255 1185 2309 ἐπιμελὲς
1215 2256 1297 2312 εἴης

619 2329 691 2371 οὐκ
721 2328 788 2371 οὖν
821 2331 952 2386 δῆλον,
986 2331 1044 2373 ὅτι
1074 2332 1172 2386 γυνὴ
1207 2332 1328 2388 ἀνδρί,
1360 2332 1428 2374 ἐὰν
1459 2331 1487 2388 ᾐ
1520 2333 1755 2386 καταθυμία,

467 2455 524 2497 ¹¹⁹)
550 2456 639 2498 <καὶ>
664 2455 829 2502 ἐκτῆσθαι
855 2457 1047 2492 Dielesius.

465 2515 523 2559 ¹²⁰)
550 2515 689 2561 ἐμαυτῷ
714 2515 876 2561 neglexit
901 2516 1074 2560 Blassius,
1107 2527 1185 2551 eum
1211 2518 1305 2552 hunc
1337 2516 1452 2552 locum
1485 2518 1522 2552 in
1554 2517 1634 2552 adn.
1663 2519 1740 2553 crit.
1765 2519 1979 2564 intorpreta-

346 2578 454 2617 retur,
481 2574 674 2609 delendum
700 2579 804 2619 putat
822 2575 1128 2617 Wilamowitzius‚
1155 2576 1250 2621 quod
1275 2576 1313 2611 in
1338 2576 1433 2611 hunc
1457 2587 1598 2612 versum
1626 2588 1670 2612 ex
1695 2583 1869 2623 sequente
1891 2578 1978 2614 sub-

345 2633 506 2678 repserit.
557 2632 711 2678 ἐπιμελὲς
736 2633 774 2668 ὄν
799 2635 1019 2679 interposuit
1043 2634 1221 2670 Dielesius
1248 2636 1376 2680 partim
1402 2638 1547 2681 propter
1571 2640 1823 2681 symmetriam.

465 2691 550 2735 ¹²⁰³)
575 2703 607 2726 v.
635 2692 717 2727 adn.
738 2693 803 2727 109
812 2703 843 2727 a.
882 2693 1090 2728 Necessaria
1107 2693 1192 2728 mihi
1210 2693 1377 2728 videntur
1393 2695 1499 2729 verba
1517 2695 1550 2732 ἐς
1566 2695 1630 2741 τὴν
1648 2693 1812 2741 ξυλλογὴν
1830 2698 1979 2740 proptor

345 2751 519 2786 sermonis
545 2752 798 2796 symmetriam.

466 2810 524 2852 ¹²¹)
550 2810 609 2844 καὶ
634 2812 694 2844 τοῦ
720 2810 757 2845 εὖ
784 2810 920 2845 ἀκούειν
947 2810 1078 2846 delevit
1101 2811 1314 2854 Meinekius,
1346 2821 1451 2855 quem
1484 2816 1626 2847 secutus
1653 2816 1709 2848 est
1733 2812 1911 2848 melesius
1936 2812 1976 2847 in

346 2869 371 2903 Ι.
397 2869 493 2911 edit„
520 2869 553 2906 ἐς
577 2869 616 2903 τὸ
643 2869 679 2903 εὖ
705 2870 840 2904 ἀκούειν
867 2870 1017 2904 coniecit
1042 2870 1079 2905 in
1104 2870 1149 2904 11.
1166 2870 1270 2910 edit.;
1298 2870 1590 2906 Wilamowitzius
1617 2871 1674 2906 καὶ
1691 2871 1911 2918 σωφροσύνης
1935 2871 1976 2907 in

345 2929 507 2962 maritum
533 2928 670 2970 cadere,
707 2928 744 2962 in
770 2930 884 2963 virum
908 2939 1019 2963 unum
1043 2939 1116 2963 non
1142 2929 1279 2973 cadero,
1311 2929 1463 2967 εὐκλείας
1488 2933 1524 2964 et
1550 2929 1587 2964 εὖ
1613 2929 1750 2964 ἀκούειν
1775 2929 1868 2964 idem
1895 2939 1975 2965 esso

344 2986 534 3021 arbitratus
563 2986 656 3020 delet
680 2987 787 3021 verba
812 2989 870 3021 καὶ
899 2986 1118 3034 σωφροσύνης
1143 2988 1200 3022 καὶ
1227 2987 1380 3025 εὐκλείας
1412 2987 1590 3023 inculcata
1621 3000 1665 3023 ex
1702 2987 1974 3032 posterioribus-
