2170 3412
992 192 1333 265 --24---v

302 353 423 395 posse
457 338 634 379 iucunde
674 338 770 390 vivi,
808 338 894 378 nisi
928 338 1134 393 sapienter
1169 336 1326 378 honeste
1360 338 1540 392 iusteque
1568 338 1745 391 vivatur,
1775 353 1848 380 nec
1874 353 1945 381 sa-

304 414 468 469 pienter
496 411 655 453 honeste
684 413 799 463 iuste,
832 412 918 452 nisi
945 410 1134 453 iucunde.
1195 408 1337 465 Neque
1365 411 1475 451 enim
1505 411 1648 453 civitas
1676 412 1725 453 in
1751 412 1947 455 seditione

310 485 430 528 beata
465 500 545 527 esse
578 492 706 541 potest
743 499 814 526 nec
849 485 896 525 in
934 484 1142 526 discordia
1176 483 1437 525 dominorum
1472 484 1636 537 domus;
1682 498 1764 541 quo
1806 487 1947 528 minus

310 563 480 601 animus
516 575 542 599 a
571 574 612 600 se
631 561 717 614 ipse
736 559 937 600 dissidens
956 572 1169 613 secumque
1188 557 1429 599 discordans
1445 564 1614 613 yustare
1626 566 1794 614 partem
1813 559 1946 602 ullam

311 633 493 689 liquidae
522 633 745 688 voluptatis
780 639 817 673 et
854 631 1005 674 liberae
1038 638 1167 687 potest
1194 630 1284 686 (18,
1302 630 1459 687 57sq.).
1522 631 1675 674 Eadem
1712 633 1874 675 ratione
1905 637 1947 676 et

312 706 423 763 apud
464 706 682 749 Platonem
729 710 771 748 et
815 705 928 762 apud
966 705 1244 748 Iamblichum
1282 705 1502 748 concordia
1533 719 1628 748 cum
1660 705 1873 749 civitatem
1904 712 1946 750 et

309 780 514 822 familiam
545 784 635 822 tum
669 780 996 835 uniuscuiusque
1018 779 1206 822 animum
1226 779 1413 822 continet
1442 780 1514 835 (cf.
1547 779 1648 835 Rep.
1679 780 1812 832 4322,
1843 779 1946 823 Vor-

309 853 397 896 sok.
430 854 458 897 l.
492 868 525 896 c.
560 868 598 909 p.
631 853 835 907 597‚23).
897 853 1237 909 Temperantiam
1268 852 1459 909 Epicurei
1499 858 1720 910 propterea
1749 858 1946 911 expeten-

310 927 408 969 dam
441 942 528 970 esse
559 927 720 979 dicunt,
752 928 853 983 quia
882 941 1026 983 pacem
1057 928 1213 969 animis
1242 926 1391 983 afferat
1420 935 1458 969 et
1486 941 1551 969 eos
1580 929 1702 983 quasi
1729 927 1947 970 concordia

310 1002 494 1058 quadam
524 1001 658 1057 placet
687 1017 736 1042 ac
766 1002 906 1043 leniat.
973 1000 1262 1057 Temperantia
1292 1008 1348 1043 est
1378 1002 1501 1051 enim,
1533 1015 1650 1056 quae,
1671 1002 1718 1042 in
1737 1000 1854 1043 rebus
1873 1008 1948 1043 aut

308 1075 538 1132 expetendis
560 1082 635 1117 aut
644 1075 866 1131 fuqiendis
884 1082 932 1117 ut
952 1077 1156 1117 rationem
1176 1089 1407 1130 sequamur,
1429 1082 1565 1116 monet
1586 1075 1654 1127 (cf.
1673 1074 1948 1131 Antiphontis

313 1150 361 1191 fr.
385 1149 475 1204 58).
538 1148 624 1191 Nec
659 1149 768 1191 enim
806 1150 906 1191 satis
943 1157 998 1191 est
1034 1149 1232 1202 iudicare,
1270 1149 1372 1205 quid
1406 1148 1648 1203 faciendum
1682 1162 1766 1190 non
1793 1147 1949 1203 facien-

308 1224 457 1266 dumve
486 1226 552 1277 sit,
583 1224 652 1266 sed
680 1231 788 1266 stare
816 1225 942 1266 etiam
989 1231 1144 1280 oportet
1187 1225 1234 1265 in
1278 1238 1334 1273 eo,
1380 1224 1490 1279 quod
1531 1225 1585 1265 sit
1614 1224 1844 1266 iudicatum
1873 1223 1947 1278 (cf.

313 1298 436 1350 18‚61
469 1299 786 1355 intemperantes
816 1305 853 1340 et
881 1300 1037 1354 iynavi,
1067 1313 1300 1354 numquam
1328 1299 1375 1339 in
1399 1298 1600 1340 sententia
1629 1297 1946 1354 permanentes).

310 1372 503 1427 Plerique
534 1380 686 1423 autem,
717 1373 827 1428 quod
856 1378 986 1414 tenere
1015 1379 1138 1427 atque
1166 1386 1327 1414 servare
1355 1373 1413 1423 id,
1452 1372 1560 1427 quod
1587 1373 1673 1426 ipsi
1698 1378 1947 1422 statuerunt,

310 1460 395 1487 non
426 1454 610 1500 possunt,
651 1447 750 1488 victi
785 1453 822 1487 et
857 1445 1063 1488 debilitati
1098 1446 1251 1488 obiecta
1286 1447 1415 1500 specie
1449 1446 1670 1501 voluptatis
1706 1445 1880 1489 tradunt
1908 1459 1948 1487 se

311 1520 551 1563 libidinibus
581 1521 910 1578 constrinqendos
954 1527 1031 1564 etc.
1063 1521 1153 1576 (14,
1171 1520 1260 1576 47).
1338 1522 1442 1563 Cum
1487 1520 1554 1563 his
1601 1521 1725 1563 velim
1763 1521 1948 1564 conferas

313 1611 421 1652 quae
441 1597 690 1640 Aristoteles
721 1597 772 1639 de
805 1597 1039 1639 constantia
1071 1597 1199 1639 animi
1232 1611 1372 1639 secum
1404 1595 1694 1639 concordantis
1726 1601 1768 1638 et
1798 1595 1849 1639 de
1880 1595 1944 1651 iis,

312 1671 385 1727 qui
416 1672 702 1727 pugnantibus
734 1677 776 1714 et
807 1672 1026 1714 contrariis
1057 1672 1209 1714 studiis
1240 1671 1505 1727 consiliisque
1540 1677 1731 1721 utuntur,
1753 1670 1947 1713 similiter

311 1750 438 1803 atque
479 1747 734 1789 lamblichus
779 1747 822 1789 in
871 1747 945 1790 illa
991 1747 1171 1803 epistula
1209 1747 1414 1803 exposuit.
1495 1746 1581 1789 Nec
1618 1761 1715 1788 vero
1754 1760 1804 1788 ea
1839 1759 1946 1801 quae

310 1827 546 1877 sequuntur
573 1822 918 1878 praetermittam,
941 1822 1050 1878 quod
1074 1822 1288 1878 Antiphon
1311 1821 1680 1877 intemperantiam
1707 1821 1948 1876 fugiendam

312 1910 401 1938 esse
436 1896 586 1939 iisdem
621 1897 706 1939 fere
745 1897 1001 1952 argumentis
1039 1898 1083 1939 in
1121 1898 1170 1940 fr.
1193 1897 1248 1940 58
1284 1897 1423 1940 docet:
1466 1911 1538 1938 nec
1575 1896 1677 1952 quid
1710 1903 1948 1938 eventurum

311 1973 364 2013 sit
392 1973 609 2028 provident
639 1972 685 2014 ob
715 1981 884 2028 eamque
919 1987 1089 2014 causam
1123 1979 1292 2029 propter
1327 1972 1578 2028 voluptatem
1621 1979 1657 2013 et
1698 1986 1879 2027 paruam
1912 1978 1951 2014 et

311 2062 396 2088 non
425 2049 699 2089 necessariam
729 2081 739 2089 .
773 2081 783 2091 .
816 2081 823 2089 .
861 2081 870 2090 .
903 2055 992 2089 tum
1022 2049 1069 2089 in
1099 2048 1270 2099 damna,
1305 2054 1392 2089 tum
1431 2048 1478 2088 in
1514 2047 1708 2088 dedecora
1728 2047 1951 2088 incurrunt

312 2128 391 2165 etc.
452 2123 594 2178 Atque
626 2124 773 2166 eadem
805 2129 867 2166 est
900 2123 1065 2166 Lucreti
1105 2125 1226 2177 ratio,
1265 2137 1372 2178 quae
1408 2122 1682 2178 Antiphontis
1713 2121 1755 2164 in
1787 2122 1838 2164 fr.
1872 2121 1948 2164 58:

312 2198 339 2239 ἃ
370 2197 404 2240 δ’
440 2198 613 2240 ’ἐδόκουν
651 2202 731 2244 τοῖς
769 2198 889 2244 πέλας
925 2200 1116 2254 ποιήσειν,
1153 2198 1344 2242 παθόντες
1382 2201 1502 2239 ταῦτα
1539 2198 1789 2253 ἀνεφάνησαν
1820 2195 1948 2239 αὐτοῖς

311 2275 565 2316 circumretit
594 2276 704 2316 enim
739 2276 801 2315 vis
835 2281 955 2330 atque
990 2274 1155 2315 iniuria
1193 2288 1399 2328 quemque,
1448 2280 1569 2328 atque
1614 2273 1722 2314 unde
1756 2279 1949 2326 exortast,

314 2349 372 2389 ad
391 2363 483 2390 eum
508 2349 752 2405 plerumque
780 2350 954 2403 revertit,
986 2363 1058 2391 nec
1084 2348 1249 2404 facilest
1273 2348 1490 2405 placidam
1521 2363 1570 2389 ac
1592 2354 1793 2403 pacatam
1812 2347 1952 2404 deqere

312 2423 442 2463 vitam
475 2424 551 2478 qui
578 2423 706 2464 violat
733 2423 859 2478 factis
888 2424 1124 2464 communia
1152 2422 1319 2477 foedera
1346 2423 1464 2477 pacis
1494 2421 1551 2476 (V
1572 2421 1683 2464 1152
1714 2421 1823 2478 sqq).

433 2499 553 2541 Hanc
584 2499 710 2554 igitur
741 2504 829 2541 tam
861 2498 1121 2541 diversorum
1151 2499 1261 2540 inter
1291 2512 1336 2540 se
1364 2497 1706 2554 philosophorum
1735 2497 1780 2539 in
1800 2497 1878 2539 tali
1905 2511 1950 2540 re

322 2573 659 2616 convenientiam
690 2574 726 2616 si
757 2573 849 2630 quis
881 2579 1072 2616 accurate
1104 2573 1419 2626 examinaverit,
1450 2572 1642 2614 dubitare
1671 2581 1755 2614 non
1785 2571 1951 2629 poterit,

315 2649 417 2702 quin
455 2648 556 2691 locis
601 2649 894 2692 communibus
938 2654 1130 2702 utantur,
1174 2662 1277 2704 quos
1320 2663 1345 2691 a
1387 2647 1593 2705 prioribus
1639 2646 1949 2703 acceperint⁴⁹).

435 2786 480 2831 ⁴⁹)
508 2786 667 2830 Accedit,
708 2787 801 2831 quod
845 2791 882 2822 et
906 2787 1007 2823 Plato
1041 2790 1077 2822 et
1107 2787 1281 2833 Epicurus
1320 2786 1469 2821 eandem
1501 2786 1687 2829 rationem,
1720 2796 1823 2831 quam
1857 2785 1949 2820 inter

316 2844 492 2879 civitatem
520 2850 554 2880 et
580 2846 736 2880 animum
763 2847 980 2890 statuebant,
1007 2847 1052 2881 ad
1075 2847 1234 2892 corporis
1255 2845 1444 2880 facultates
1462 2844 1688 2880 rettulerunt.
1730 2843 1841 2890 Atqui
1858 2843 1950 2878 hanc

316 2903 489 2938 rationem
517 2905 584 2939 iam
612 2905 709 2950 apud
734 2902 872 2940 veteres
900 2906 1071 2950 quosdam
1103 2906 1305 2940 invenimus
1331 2904 1510 2949 physicos,
1545 2907 1583 2938 ut
1609 2903 1801 2938 Alcmaeon
1826 2902 1950 2938 docuit

317 2964 377 3005 τῆς
403 2965 463 3007 μὲν
490 2962 650 3008 ὑγιείας
675 2964 756 2998 εἶναι
782 2964 982 3010 συνεκτικὴν
1014 2965 1076 3010 τὴν
1103 2964 1319 3010 ἰσονομίαν
1350 2967 1419 2997 τῶν
1453 2963 1630 3008 δυνάμεων
1656 2989 1665 2997 .
1685 2988 1694 2997 .
1712 2987 1733 3005 .,
1766 2962 1829 3008 τὴν
1854 2960 1891 2996 δ’
1907 2961 1944 2995 ἐν
