2170 3412
1028 204 1313 247 „38-

353 319 566 375 scripsisse
597 318 777 362 traditur
808 319 878 373 (cf.
902 319 983 361 Cic.
1008 320 1129 361 Tusc.
1154 318 1170 360 1
1193 318 1262 371 48,
1287 319 1403 373 116).
1462 319 1543 363 Sed
1574 321 1805 378 Antiphon,
1837 335 1982 377 quam-

352 394 414 435 vis
452 393 564 434 mala
600 392 783 435 humana
820 407 901 436 non
939 393 1160 447 ignoraret,
1199 398 1339 435 tamen
1382 392 1511 435 vitam
1550 394 1651 437 adeo
1689 409 1770 438 non
1816 395 1984 439 deflevit

351 480 426 508 nec
464 472 639 508 mortem
677 465 879 519 laudavit,
923 472 968 507 ut
1014 466 1055 507 in
1103 465 1322 508 concordia
1356 466 1533 509 salutem
1574 474 1744 523 poneret
1779 469 1894 522 item,
1934 474 1983 513 nt

351 540 613 582 Democritus
651 539 693 581 in
732 539 1037 594 tranquillitate
1082 539 1226 593 animi,
1264 539 1304 582 id
1343 539 1452 596 quod
1499 554 1625 597 supra
1668 542 1984 599 explicavimus.

352 614 436 655 Nec
467 613 501 655 si
534 613 571 655 ei
603 602 796 655 assensus
828 619 902 665 est,
936 613 1006 669 qui
1038 613 1158 665 dixit,
1190 615 1245 659 ὡς
1276 613 1322 655 τὰ
1353 614 1514 670 χείρονα
1545 614 1666 656 πλείω
1688 616 1879 671 βροτοῖσίν
1900 616 1983 659 ἐστι

350 690 427 728 τῶν
460 686 675 740 ἀμεινόνων
707 686 823 737 (Eur.
856 687 983 743 Supp.
1020 686 1270 742 19sssq.)⁸⁹)‚
1303 677 1505 743 sequitur,
1538 694 1586 731 ut
1616 689 1666 731 de
1689 690 1776 732 vita
1797 690 1835 732 ei
1856 690 1982 734 suerit

351 760 670 816 desperandum.
721 760 803 803 Sed
826 761 964 817 potius
985 761 1092 803 hanc
1109 761 1311 804 rationem
1331 762 1522 817 probavit
1538 762 1655 817 (Eur.
1673 764 1772 806 Ant.
1791 764 1841 806 sr.
1860 763 1983 819 196):

350 834 502 876 τοιόσδε
539 835 694 890 θνητῶν
734 839 812 876 τῶν
851 837 1107 890 ταλαιπώρων
1146 835 1245 891 βίος·
1283 834 1364 877 οὔτ’
1400 835 1560 892 εὐτυχεῖ
1598 837 1642 878 τὸ
1689 838 1852 892 πάμπαν
1892 835 1986 880 οὔτε

352 910 563 964 δυστυχεῖ·
602 909 639 950 τί
675 907 759 964 δῆτ’
799 909 838 950 ἐν
877 908 984 965 ὄλβῳ
1024 910 1078 963 μὴ
1112 913 1230 964 σαφεῖ
1266 909 1475 965 βεβηκότες
1506 910 1552 951 οὐ
1580 913 1710 965 ζῶμεν
1748 913 1803 957 ὡς
1844 911 1984 967 ἥδιστα

352 983 412 1037 μὴ
436 983 748 1036 λυπούμενοις
782 983 898 1025 Idem
921 983 1040 1025 docet
1063 983 1279 1039 Euripides
1301 983 1383 1026 alio
1405 983 1493 1026 loco
1517 998 1590 1039 per
1610 985 1982 1041 Amphitruonem;

350 1057 487 1108 (Herc.
521 1056 748 1112 503sqq.):
790 1057 908 1111 μικρὰ
946 1058 1014 1111 μὲν
1053 1057 1099 1098 τὰ
1136 1060 1204 1099 τοῦ
1246 1058 1330 1113 βίου
1368 1058 1439 1111 (cf.
1478 1059 1574 1100 Ant.
1613 1059 1661 1100 sr.
1684 1058 1775 1113 51).
1850 1061 1987 1102 τοῦτον

351 1131 385 1173 δ’
418 1131 524 1177 ὅπως
554 1133 695 1187 ἥδιστα
726 1133 995 1187 διαπεράσετε,
1042 1132 1082 1178 ἐξ
1127 1133 1277 1188 ἡμέρας
1319 1133 1374 1178 εἰς
1419 1132 1536 1175 νύκτα
1574 1133 1633 1188 μὴ
1680 1133 1984 1189 λυπούμενοι.

350 1208 405 1251 ὡς
435 1205 591 1251 ἐλπίδας
623 1206 692 1259 μὲν
725 1206 746 1247 ὁ
778 1205 920 1262 χρόνος
950 1207 1021 1248 οὐκ
1052 1206 1252 1248 ἐπίσταται
1283 1205 1438 1262 σῴζειν,
1470 1207 1514 1248 τὸ
1545 1206 1579 1249 δ’
1611 1207 1730 1249 αὑτοῦ
1762 1209 1986 1255 σπουδάσας

351 1279 543 1321 διέπτατο.
608 1280 681 1321 His
709 1279 811 1322 locis
841 1295 1051 1322 summum
1086 1281 1241 1323 bonum
1271 1281 1315 1323 in
1346 1281 1569 1324 securitate
1600 1281 1779 1337 quadam
1801 1282 1986 1339 ponitur,

352 1367 458 1408 quae
500 1367 625 1409 prope
662 1354 823 1396 accedit
861 1354 912 1396 ad
950 1354 1241 1410 Democriti⁹⁰)
1273 1355 1320 1396 fr.
1347 1354 1447 1397 189:
1495 1354 1648 1410 ἄριστον
1686 1356 1887 1412 ἀνθρώπῳ
1919 1357 1986 1398 τὸν

351 1427 431 1482 βίον
464 1428 605 1481 διάγειν
639 1430 693 1473 ὡς
724 1430 887 1470 πλεῖστα
919 1427 1183 1483 εὐθυμηῦέντι
1213 1429 1276 1471 καὶ
1308 1429 1499 1485 ἐλάχιστα
1531 1429 1742 1484 ἀνιηθέντι.
1802 1432 1917 1472 τοῦτο
1946 1428 1986 1472 δ’

351 1501 396 1543 ἄν
427 1501 502 1556 εἴη,
534 1502 644 1547 εἴτις
677 1504 731 1558 μὴ
764 1502 828 1543 ἐπὶ
859 1506 939 1548 τοῖς
969 1503 1146 1558 θνητοῖσι
1176 1503 1244 1548 τὰς
1274 1503 1418 1558 ἡδονὰς
1455 1507 1617 1545 ποιοῖτο.
1679 1504 1786 1546 Nam
1823 1503 1896 1547 ille
1931 1504 1987 1547 ab

350 1590 396 1618 eo
428 1576 716 1632 proficiscitur,
755 1578 863 1632 quod
906 1577 1088 1619 dolorem
1120 1577 1378 1631 fugiendum,
1417 1577 1674 1633 voluptatem
1707 1577 1983 1634 expetendam

352 1664 437 1692 esse
469 1650 587 1692 docet
617 1650 685 1705 (fr.
715 1650 754 1692 4.
789 1650 962 1693 Vorsok.
1005 1650 1050 1692 1²
1088 1665 1127 1707 p.
1161 1650 1258 1703 386,
1280 1652 1374 1705 24):
1421 1651 1551 1707 τέρψις
1595 1652 1668 1706 γὰρ
1714 1652 1778 1693 καὶ
1821 1651 1986 1708 ἀτερπίη

351 1723 465 1779 οὖρος
495 1723 588 1779 <τῶν
637 1725 851 1780 συμφόρων
898 1725 962 1766 καὶ
1008 1727 1085 1765 τῶν
1133 1725 1392 1780 ἀσυμφόρων)
1428 1725 1499 1779 (cf.
1532 1726 1580 1767 fr.
1606 1725 1721 1780 188).
1782 1725 1988 1768 Similiter

351 1799 656 1855 Antiphontem
695 1800 872 1842 sensisse
910 1814 960 1842 ex
998 1800 1046 1841 fr.
1074 1800 1131 1842 49
1169 1805 1353 1856 apparet.
1435 1800 1491 1843 Ut
1527 1800 1655 1855 igitur
1685 1800 1904 1857 Euripides
1932 1801 1987 1843 ab

349 1873 595 1915 infirmitate
634 1873 745 1915 vitae
781 1874 989 1930 profectus
1033 1888 1129 1915 eum
1168 1874 1408 1917 beatissime
1446 1874 1584 1916 vivere
1622 1874 1738 1928 dicit,
1769 1874 1843 1931 qui
1871 1888 1987 1931 spem

350 1962 468 1990 suam
514 1948 558 1990 in
605 1949 758 1991 futuris
804 1963 888 1991 non
934 1954 1075 2004 ponat,
1123 1949 1182 1991 sic
1227 1949 1459 2005 Antiphon,
1498 1964 1592 1992 cum
1630 1949 1817 1992 humana
1845 1950 1990 1993 omnia

351 2024 507 2066 caduca
544 2024 640 2078 sint,
690 2029 844 2077 monet,
883 2029 928 2066 ut
965 2025 1254 2080 praesentibus
1285 2025 1410 2067 rebus
1442 2025 1630 2067 homines
1660 2030 1768 2067 recte
1799 2030 1989 2079 utantur,

351 2113 578 2155 eorumque
637 2099 863 2142 stultitiam
925 2100 1138 2155 vituperat
1196 2100 1266 2154 (cf.
1327 2101 1376 2142 fr.
1428 2100 1496 2142 53.
1538 2099 1631 2141 5321.
1671 2099 1767 2156 54),
1808 2114 1985 2156 quorum

349 2175 450 2227 vita,
489 2180 536 2218 ut
577 2175 744 2231 Epicuri
781 2175 908 2217 verba
946 2176 1129 2228 afferam,
1175 2180 1264 2218 tota
1301 2175 1344 2217 in
1382 2175 1570 2217 futurum
1607 2176 1738 2218 fertur
1771 2175 1843 2230 (cf.
1870 2174 1985 2232 Epic.

350 2251 397 2292 sr.
420 2251 502 2294 491
527 2251 633 2304 Us.).

466 2327 559 2368 Huc
595 2325 777 2381 pertinet
813 2326 861 2368 fr.
885 2326 958 2367 50:
1000 2327 1042 2367 τὸ
1075 2329 1144 2381 ζῆν
1177 2324 1278 2367 ἔοικε
1309 2329 1460 2381 φρουρᾷ
1491 2325 1680 2381 ἐφημέρῳ
1711 2327 1755 2367 τό
1786 2341 1829 2368 τε
1860 2329 1988 2381 μῆκος

351 2403 418 2442 τοῦ
458 2401 542 2456 βίου
580 2402 710 2456 ἡμέρᾳ
748 2404 816 2456 μιᾷ
833 2400 961 2452 ’ἵζ’ὧς
1008 2401 1100 2446 ἔπος
1131 2402 1244 2449 εἰεῖν,
1282 2401 1330 2456 ἣν
1368 2400 1653 2456 ἀναβλέψαντες
1689 2401 1785 2455 πρὸς
1821 2401 1865 2443 τὸ
1902 2405 1991 2456 φῶς

353 2480 634 2531 παρεγγυῶμεν
666 2480 745 2522 τοῖς
776 2476 1080 2530 ἐπιγιγνομένοις
1111 2475 1268 2531 ἑτέροις.
1317 2475 1423 2527 Quid
1456 2475 1570 2518 aliud
1592 2476 1807 2532 Antiphon
1839 2490 1892 2519 ex
1913 2475 1990 2519 hoo

355 2553 515 2594 efficere
548 2552 679 2594 voluit
710 2552 791 2595 nisi
823 2552 967 2594 Horati
999 2552 1124 2594 illud:
1156 2553 1264 2593 vitae
1292 2565 1453 2592 summa
1483 2550 1612 2592 brevis
1641 2565 1751 2607 spem
1780 2565 1855 2592 nos
1883 2558 1992 2594 vetat

352 2627 544 2669 incohare
588 2628 781 2683 Zonyam?
841 2627 951 2670 Sane
989 2628 1078 2670 vita
1114 2626 1284 2670 stationi
1322 2626 1492 2668 similis:
1531 2626 1603 2668 alii
1641 2626 1878 2681 discedunt,
1916 2627 1990 2669 alii

478 2823 519 2867 89)
548 2823 792 2869 Gomperzius,
831 2825 893 2869 qui
927 2824 993 2859 hoc
1026 2824 1071 2858 ad
1095 2824 1283 2859 Prodicum
1315 2823 1446 2859 referre
1477 2833 1551 2859 non
1569 2824 1721 2866 dubitat,
1761 2826 1991 2859 controversa

355 2883 483 2917 nititur
509 2883 659 2918 Axiocbi
686 2883 983 2928 interpretatione
1009 2883 1046 2926 (1.
1067 2894 1096 2918 c.
1123 2893 1157 2927 p.
1175 2882 1270 2926 344),

474 2941 515 2983 ⁹⁰)
544 2942 591 2976 cf.
618 2943 758 2977 Wilam.
786 2943 830 2977 ad
856 2942 959 2977 Herc.
986 2953 1018 2977 v.
1039 2942 1119 2977 506.
