2170 3412
896 207 1183 249 „19—

226 323 333 380 φίλοι
377 324 442 365 καὶ
485 322 604 368 αὐτὸς
647 322 695 364 σὺ
741 322 812 364 οὐκ
857 322 1047 378 ἐλάχιστα
1083 322 1277 376 ὠφελήσῃ
1329 318 1458 373 (Xen.
1498 320 1621 362 Mem.
1655 319 1716 361 ΙΙΙ
1749 318 1852 372 7,9).

227 399 411 442 Eandem
442 399 647 441 rationem
678 397 941 440 Democritus
969 397 1157 452 sequitur
1193 397 1240 438 fr.
1272 395 1376 437 252:
1414 395 1461 437 τὰ
1498 395 1596 436 κατὰ
1636 395 1706 449 τὴν
1744 394 1855 436 πόλιν

224 477 355 531 χρεὼν
387 478 464 516 τῶν
495 476 642 515 λοιπῶν
675 472 837 528 μέγιστα
867 472 1064 526 ἡγεῖσθαι,
1095 470 1199 516 ὅκως
1229 470 1360 516 ἄξει-αι
1381 468 1438 520 εὖ,
1471 470 1570 524 μήτε
1591 469 1859 524 φιλονικέοντα

225 550 332 606 παρὰ
361 550 406 590 τὸ
438 549 604 593 ἐπιεικὲς
635 549 736 603 μήτε
768 546 879 603 ἰσχὺν
911 547 1043 601 ἑαυτῷ
1076 546 1369 600 περιτιθέμενον
1402 545 1506 600 παρὰ
1537 546 1580 586 τὸ
1611 545 1784 600 χρηστὸν
1817 545 1860 585 τὸ

224 629 292 667 τοῦ
325 625 450 671 Ευνοῦ.
511 623 622 669 πόλις
650 623 725 678 γὰρ
754 621 798 664 εὖ
830 622 1003 677 ἀγομένη
1038 622 1200 677 μεγίστη
1233 620 1404 676 ὄρθωσίς
1435 620 1532 669 ἐστι,
1564 621 1630 662 καὶ
1661 620 1701 661 ἐν
1731 620 1858 675 τούτῳ

224 702 351 743 πάντα
386 699 461 748 ἔνι,
492 700 557 742 καὶ
586 699 724 740 τούτου
762 697 989 753 σῳζομένου
1028 698 1152 739 πάντα
1189 693 1360 752 σῴζεται
1394 697 1458 738 καὶ
1499 696 1638 737 τούτου
1683 695 1861 751 διαφθει-

227 776 394 833 ρομένου
425 775 472 816 τὰ
502 775 627 816 πάντα
657 773 933 829 διαφθείρεται.
996 773 1122 827 Leges
1151 778 1291 814 autem
1324 776 1371 813 ut
1402 771 1452 813 ad
1490 784 1754 814 communem
1793 785 1859 813 sa-

223 853 358 894 iutem
396 850 648 893 constitutae
693 854 814 897 sunt,
859 848 919 890 ita
965 847 1293 903 uniuscuiusque
1345 847 1610 889 commodum
1663 851 1854 888 tuentur:

223 927 266 981 (ὁ
301 925 438 980 νόμος)
470 923 744 980 συναρμόττων
775 924 865 969 τοὺς
896 923 1056 968 πολίτας
1083 922 1216 964 πειθοῖ
1250 937 1293 963 τε
1328 922 1392 963 καὶ
1429 921 1597 976 ἀνάγκῃ,
1628 923 1752 962 ποιῶν
1791 936 1860 974 με·

226 1000 423 1043 ταὸιδόναι
453 1000 637 1055 ἀλλήλοις
666 1002 738 1054 τῆς
768 999 938 1054 ὠφελίας
968 998 1015 1053 ἢν
1048 997 1093 1040 ἂν
1131 997 1286 1040 ἕκαστοι
1321 997 1365 1038 τὸ
1402 997 1529 1038 κοινὸν
1569 998 1726 1038 δυνατοὶ
1765 996 1860 1038 ὦσιν

224 1078 394 1132 ὠφελεῖν
426 1078 508 1117 κτλ.
567 1075 690 1131 (Rep.
725 1074 873 1128 519e).
935 1073 994 1115 cf.
1020 1073 1118 1129 Rep.
1149 1073 1282 1115 590e:
1316 1074 1336 1114 ὁ
1367 1071 1485 1124 νόμος
1515 1102 1526 1113 .
1561 1105 1569 1113 .
1604 1105 1613 1114 .
1647 1074 1742 1113 πᾶσι
1772 1074 1853 1116 τοῖς

227 1153 268 1194 ἐν
307 1155 356 1206 τῇ
396 1151 508 1194 πόλει
545 1150 755 1206 σύμμαχος
792 1151 860 1191 ὤν.
927 1149 1130 1191 Similiter
1166 1147 1428 1190 Democritus
1464 1148 1515 1190 fr.
1546 1147 1650 1190 248:
1691 1148 1711 1188 ὁ
1743 1146 1861 1201 νόμος

225 1227 408 1283 βούλεται
439 1227 508 1280 μὲν
541 1226 754 1282 εὐεργετεῖν
786 1225 866 1280 βίον
899 1225 1140 1279 ἀνθρώπων·
1179 1223 1335 1265 δύναται
1358 1222 1415 1277 δέ,
1447 1222 1538 1264 ὅταν
1559 1222 1670 1264 αὐτοὶ
1693 1222 1860 1278 βούλων-

226 1318 287 1344 ται
318 1303 486 1358 πάσχειν
518 1301 580 1343 εὖ.
626 1305 724 1343 τοῖσι
759 1301 832 1356 γὰρ
870 1300 1139 1354 πειθομένοισι
1174 1300 1244 1354 τὴν
1292 1299 1389 1354 ἰδίην
1427 1299 1570 1354 ἀρετὴν
1608 1297 1858 1341 ἐνδείκνυται.

227 1378 372 1433 Neque
403 1377 526 1420 aliter
555 1376 859 1432 Antiphontem
892 1376 1068 1418 sensisse
1101 1375 1354 1431 putabimus,
1387 1375 1541 1431 quippe
1583 1374 1655 1429 qui
1692 1374 1862 1416 licentia

226 1452 390 1495 nullum
422 1452 583 1494 malum
613 1451 749 1494 maius
782 1465 869 1493 esse
891 1450 1016 1504 dicat,
1049 1450 1217 1505 iamque
1250 1463 1395 1505 pueros
1418 1463 1560 1505 parere
1593 1454 1635 1491 et
1655 1448 1862 1504 imperata

227 1529 363 1570 facere
393 1527 548 1570 discere
579 1527 694 1577 velit,
726 1541 778 1569 ne
810 1526 944 1568 adulti
976 1525 1187 1568 molestias
1220 1524 1400 1567 habeant
1437 1524 1504 1579 (fr.
1537 1524 1631 1579 61>:
1674 1524 1864 1579 ἀναρχίας

229 1598 268 1645 δ’
291 1603 403 1645 οὐδὲν
435 1604 567 1645 κοίκιον
599 1602 840 1657 ἀνθρώποις·
874 1604 995 1642 ταῦτα
1025 1602 1279 1655 γινώσκοντες
1307 1600 1343 1641 οἱ
1365 1598 1537 1654 πρόσθεν
1559 1599 1762 1654 ἅνθρωποι
1784 1600 1862 1640 ἀπὸ

228 1682 298 1734 τῆς
329 1679 459 1735 ἀρχῆς
488 1677 632 1725 εἴῦιξον
662 1677 752 1723 τοὺς
782 1678 924 1721 παῖδας
955 1676 1152 1732 ἄρχεσθαι
1183 1676 1246 1717 καὶ
1277 1676 1321 1717 τὸ
1353 1676 1607 1730 κελευόμενον
1629 1678 1767 1723 ποιεῖν,
1799 1675 1862 1716 ἵνα

229 1756 284 1809 μὴ
326 1754 620 1810 ἐξανδρούμενοι
661 1754 716 1798 εἰς
753 1754 925 1807 μεγάλην
965 1751 1186 1808 μεταβολὴν
1221 1750 1342 1797 ἰόντες
1378 1751 1674 1806 ἐκπλήσσοιντο.
1746 1751 1863 1802 Quod

228 1830 508 1885 fragmentum
539 1829 593 1872 ad
625 1828 886 1872 concordiam
918 1833 1105 1884 spectare
1135 1827 1406 1870 manifestum
1438 1827 1530 1880 erit,
1567 1827 1602 1868 si
1635 1827 1741 1869 hanc
1775 1827 1864 1868 Pla—

222 1904 410 1947 tonicam
442 1918 548 1959 quae
579 1904 708 1945 fertur
738 1902 1022 1945 definitionem
1054 1901 1290 1954 contuleris,
1324 1915 1406 1956 qua
1437 1901 1657 1944 concordia
1689 1901 1731 1943 in
1765 1915 1863 1943 con·

227 1993 352 2021 sensu
376 1984 555 2035 ponatur
576 1992 718 2021 eorum
741 1978 814 2033 qui
837 1978 1046 2033 imperant
1072 1981 1114 2018 et
1135 1976 1286 2032 quibus
1307 1975 1538 2032 imperatur
1560 1975 1685 2030 (Deff.
1705 1976 1861 2030 413e):

231 2054 393 2110 ὁμόνοια
416 2054 601 2108 ὁμοδοξία
622 2053 824 2110 ἀρχόντων
846 2053 910 2095 καὶ
933 2052 1165 2108 ἀρχομένων
1187 2054 1242 2097 ὡς
1264 2053 1325 2093 δεῖ
1344 2051 1479 2108 ἄρχειν
1502 2054 1566 2094 καὶ
1590 2051 1860 2108 ἅρχεσθαι”).

220 2130 307 2173 Sed
338 2130 531 2186 quamvis
562 2130 680 2172 Plato
712 2143 807 2171 cum
838 2128 921 2171 illis
942 2129 984 2170 in
1013 2127 1225 2170 communi
1255 2127 1438 2170 utilitate
1466 2128 1725 2183 respicienda
1763 2142 1861 2171 con·

221 2206 392 2259 sentiat,
424 2210 565 2248 tamen
598 2205 640 2247 in
672 2219 719 2247 eo
753 2204 932 2247 muitum
964 2203 1174 2255 differunt,
1208 2204 1318 2258 quod
1352 2203 1418 2245 hic
1450 2204 1592 2245 omnia
1622 2203 1672 2245 ad
1709 2203 1860 2246 bonum

227 2280 443 2336 publicum
480 2281 607 2323 refert
644 2279 756 2335 (Leg.
794 2279 913 2323 875b
951 2279 994 2321 τὸ
1034 2279 1103 2333 μὲν
1141 2279 1268 2320 κοινὸν
1306 2279 1521 2334 ἡγούμενον
1562 2312 1571 2320 .
1605 2311 1614 2320 .
1647 2311 1657 2321 .
1691 2312 1700 2320 .
1737 2279 1780 2320 τὸ
1819 2279 1863 2320 δὲ

225 2353 322 2396 ἴδιον
353 2354 543 2410 ἑπόμενον
574 2358 631 2411 τῷ
663 2358 798 2411 κοινῷ,
830 2355 880 2397 cf.
912 2354 1065 2408 7151)),
1096 2353 1156 2396 illi
1190 2368 1214 2395 a
1243 2368 1319 2396 sua
1349 2355 1525 2409 quisque
1557 2353 1742 2396 utilitate
1766 2368 1860 2410 pro-

226 2429 324 2471 fecti
355 2443 620 2472 communem
657 2429 836 2472 salutem
870 2435 1188 2485 persequuntur.
1263 2429 1367 2471 Item
1406 2428 1654 2470 Aristoteles
1691 2442 1861 2470 concor-

225 2502 351 2557 diam,
384 2517 509 2559 quam
541 2505 740 2559 πολιτικὴν
772 2503 900 2559 φιλίαν
931 2503 1160 2555 existimat,
1192 2504 1278 2558 περὶ
1309 2503 1356 2544 τὰ
1389 2502 1636 2558 συμφέροντα
1668 2535 1677 2544 .
1712 2535 1720 2543 .
1756 2536 1764 2544 .
1797 2503 1862 2544 καὶ

226 2578 273 2620 τὰ
305 2578 360 2624 εἰς
389 2579 454 2620 τὸν
486 2578 568 2634 βίον
599 2578 794 2633 ἀνήκοντα
824 2592 910 2621 esse
933 2578 1046 2629 dicit,
1079 2592 1162 2634 qua
1193 2578 1236 2621 in
1258 2593 1300 2621 re
1323 2592 1586 2621 communem
1620 2578 1859 2634 opinionem

226 2652 416 2708 sequitur
443 2653 514 2707 (cf.
538 2652 628 2696 Etb.
652 2653 810 2695 Nicom.
837 2652 908 2695 IX.
928 2655 966 2695 6.
988 2653 1095 2695 1167
1116 2657 1134 2678 ⁸
1153 2652 1229 2695 ‘262
1268 2652 1336 2698 τὰς
1366 2651 1496 2697 πόλεις
1529 2653 1707 2706 ὁμονοεῖν
1730 2652 1860 2707 φασίν,

226 2726 322 2768 ὅταν
353 2729 440 2783 περὶ
470 2731 549 2769 τῶν
580 2727 858 2783 συμφερόντων
889 2729 1218 2783 ὁμογνωμονῶσιν
1241 2729 1304 2770 καὶ
1336 2727 1458 2769 ταύτὰ
1496 2730 1758 2783 προαιρῶνται
1794 2728 1860 2770 καὶ

226 2803 425 2857 πράττωσι
456 2804 503 2845 τὰ
533 2806 648 2859 κοινῇ
680 2803 875 2858 δόξαντα),
906 2804 976 2846 sed
1010 2811 1179 2861 propter
1199 2803 1403 2846 iustitiam
1436 2818 1460 2844 a
1497 2802 1617 2846 bonis
1657 2817 1750 2845 eam
1789 2817 1859 2845 ex·

346 2954 388 2997 ³⁶)
414 2964 504 3000 quae
531 2955 692 2991 definitio
716 2960 859 3002 sumpta
888 2960 943 2992 est
968 2967 987 2991 e
1015 2956 1103 3001 Rep.
1127 2955 1193 2991 431
1212 2956 1245 2991 d.

1611 3012 1652 3047 2.
