2170 3412
1021 236 1306 278 -60-

345 349 488 397 εἴθιζον
520 348 609 394 τοὺς
639 349 780 393 παῖδας
811 348 1059 405 ἄρχεσθαι.
1111 349 1172 391 Cf.
1194 350 1323 392 Arist.
1348 350 1466 393 Rhet.
1491 350 1522 393 Γ
1541 353 1567 393 2
1598 356 1676 394 τῶν
1706 351 1742 395 δ’
1770 354 1973 408 ὀνομάτων

344 428 400 480 τῷ
433 425 503 478 μὲν
535 427 702 478 σοφιστῇ
735 424 954 478 ὁμωνυμίαι
985 425 1175 480 χρήσιμοι
1206 424 1333 479 (παρὰ
1361 425 1502 471 ταύτας
1530 426 1603 482 γὰρ
1633 428 1872 484 κακουργεῖ).

461 499 551 541 Non
590 498 744 541 mirum
782 504 845 541 est
882 498 1200 555 Antiphontem,
1238 514 1334 542 cum
1366 514 1390 542 a
1422 500 1629 544 cotidiano
1673 516 1862 546 sermone
1897 504 1973 547 ab·

346 573 529 627 horreat,
578 573 860 615 naturalem
906 574 1168 616 verborum
1215 574 1442 618 ordinem
1486 590 1612 632 saepe
1649 583 1974 634 commutare,

344 649 433 691 sive
470 649 619 702 figuras
658 648 872 704 respiciat,
920 653 966 691 ut
1003 651 1045 691 in
1084 650 1131 691 fr.
1160 649 1216 691 58
1253 650 1457 704 δειμαίνει,
1497 651 1551 706 μὴ
1589 650 1615 692 ἃ
1656 651 1763 694 θέλει
1799 655 1975 708 ποιῆσαι,

345 724 531 778 ἁμαρτὼν
567 723 727 771 τούτων,
764 723 790 765 ἃ
822 724 877 779 μὴ
909 723 1018 766 θέλει
1049 724 1309 780 ἀπενέγκηται
1348 739 1419 782 pro
1453 726 1508 781 μὴ
1541 726 1726 782 ἁμαρτὼν
1757 727 1918 780 τούτων,
1948 727 1975 770 ἂ

347 799 454 840 θέλει
485 801 659 854 ποιῆσαι,
692 797 950 854 ἀπενέγκηται
980 799 1005 840 ἃ
1037 801 1093 855 μὴ
1127 799 1247 853 θέλει,
1277 800 1364 843 sive
1395 801 1654 856 Singulorum
1685 802 1908 846 verborum
1933 803 1977 846 vi

346 889 394 916 ac
426 874 599 930 ponderi
630 874 946 917 collocationem
978 874 1231 928 accomodet,
1264 880 1310 917 ut
1341 876 1383 918 in
1416 877 1463 918 fr.
1487 876 1542 919 49
1573 875 1692 927 ἆθλα,
1723 877 1921 920 δελέατα
1949 877 1976 920 ἃ

347 951 368 991 ὁ
392 950 483 994 θεὸς
505 948 650 990 ἔδωκεν
673 950 909 1005 ἀνθρώποις,
935 951 1152 1004 μεγάλων
1174 951 1328 992 πόνων
1349 952 1425 993 καὶ
1448 951 1660 1006 ἱδρώτων
1680 953 1751 998 εἰς
1771 952 1977 1007 ἀνάγκας

345 1025 576 1067 καθιστᾶσιν
618 1024 690 1079 (de
734 1025 822 1067 loco
868 1039 986 1081 pron.
1030 1025 1148 1067 relat.
1189 1026 1239 1067 cf.
1270 1025 1441 1068 Wilam.
1481 1026 1532 1068 ad
1571 1027 1692 1069 Herc.
1729 1028 1847 1082 457),
1888 1029 1976 1071 sive

346 1114 540 1143 numeros
576 1106 795 1155 sequatur:
835 1099 932 1156 ὑπέρ
970 1115 1011 1141 τε
1042 1103 1109 1142 τοῦ
1142 1100 1227 1156 βίου
1259 1103 1328 1156 τῆς
1358 1103 1564 1156 συλλογῆς,
1601 1116 1684 1157 qua
1713 1102 1765 1144 de
1796 1116 1838 1145 re
1869 1102 1977 1146 infra

347 1175 546 1218 dicemus.
608 1175 812 1217 Similiter
842 1176 1013 1231 Gorgias
1045 1175 1286 1232 hyperbatis
1317 1176 1440 1229 ludit,
1476 1177 1527 1219 cf.
1560 1177 1652 1219 Hel.
1680 1178 1731 1220 12
1760 1178 1875 1233 λόγος
1903 1178 1978 1235 γὰρ

346 1252 481 1307 ψυχὴν
513 1251 535 1292 ὁ
565 1250 714 1300 πείσας,
745 1251 792 1306 ἣν
824 1249 991 1300 ἔπεισεν,
1023 1251 1222 1306 ἠνάγκασε
1251 1251 1323 1306 (cf.
1359 1251 1475 1294 Blass
1505 1252 1531 1294 l.
1556 1267 1589 1294 c.
1624 1267 1662 1309 p.
1686 1252 1772 1307 71).

463 1326 685 1368 Oratorum
737 1340 851 1368 more
898 1327 997 1368 Ant.
1049 1340 1117 1369 eos
1168 1326 1237 1383 qui
1291 1327 1435 1382 legunt
1478 1327 1978 1382 interrogationibus

347 1401 516 1454 excitat,
550 1407 595 1443 ut
626 1401 668 1443 in
700 1402 749 1443 fr.
774 1401 829 1443 49
861 1401 898 1442 τί
928 1416 1022 1443 cum
1055 1401 1315 1458 anaphora
1345 1402 1534 1445 adhibet:
1566 1403 1605 1444 τί
1630 1402 1703 1458 γὰρ
1734 1404 1844 1458 ἥδιον
1865 1436 1876 1446 .
1900 1436 1910 1446 .
1933 1436 1943 1446 .
1966 1436 1976 1446 .

347 1476 387 1518 τί
412 1477 456 1518 δὲ
493 1477 742 1532 γλυκύτερον,
778 1491 906 1533 supra
940 1476 979 1518 τί
1015 1477 1095 1533 χρή
1133 1479 1229 1528 κτλ.,
1267 1477 1376 1519 infra
1410 1478 1450 1518 τί
1485 1476 1551 1519 οὖν
1583 1480 1664 1520 κτλ.
1696 1478 1767 1520 οὐκ
1797 1477 1864 1520 οὖν
1895 1481 1977 1522 κτλ.

349 1552 613 1607 Thucydides
649 1552 859 1594 rarissime
898 1552 1296 1607 interrogationibus
1332 1553 1477 1607 utitur,
1516 1567 1638 1609 saepe
1670 1553 1903 1611 Xenophon
1935 1559 1979 1597 et

351 1632 536 1669 oratores
571 1627 706 1682 Gorg,
738 1628 838 1669 Ant.
871 1627 948 1670 Rh.
980 1626 1052 1682 (cf.
1085 1627 1202 1669 Blass
1232 1629 1281 1670 A.
1305 1627 1352 1670 B.
1384 1643 1423 1684 p.
1450 1629 1543 1670 145.
1566 1628 1683 1684 220).

462 1702 568 1744 Cum
613 1702 662 1744 de
700 1716 865 1744 summa
903 1717 945 1743 re
984 1702 1143 1761 agitur,
1193 1704 1324 1745 oratio
1362 1703 1549 1745 ascendit
1586 1703 1639 1745 ad
1675 1703 1977 1747 sublimitatem

344 1777 597 1833 tragoediae,
638 1783 684 1819 ut
722 1778 766 1820 in
798 1778 847 1820 fr.
870 1778 944 1819 49:
984 1777 1083 1832 αὕτη
1115 1779 1140 1832 ἢ
1172 1778 1315 1833 ἡμέρα,
1352 1779 1450 1833 αὕτη
1482 1779 1507 1833 ἡ
1540 1778 1604 1823 νὺξ
1634 1782 1767 1821 καινοῦ
1799 1780 1980 1835 δαίμονος

347 1852 566 1909 ἄρχειῃῆ,
605 1856 738 1894 καινοῦ
777 1852 944 1907 πότμου.
1016 1853 1154 1895 Habes
1193 1853 1406 1907 ἀσύνδετα,
1444 1853 1759 1909 ἐπανάληψιν,
1796 1854 1979 1910 ποιητικὰ

346 1929 533 1983 ὀνόματα.
609 1929 715 1970 Item
767 1927 831 1970 ἴσα
885 1931 1122 1984 φρονοῦντας
1177 1928 1242 1970 ἴσα
1293 1929 1490 1974 πνέοντας.
1567 1930 1682 1972 More
1725 1929 1978 1984 tragicorum

344 2004 533 2060 scriptor,
565 2008 612 2045 ut
642 2004 842 2046 maiorem
874 2004 933 2046 rei
966 2004 1051 2046 vim
1084 2004 1255 2056 tribuat,
1288 2005 1415 2047 verba
1445 2010 1519 2046 aut
1548 2005 1693 2047 eadem
1724 2005 1875 2062 repetit
1905 2010 1979 2048 aut

346 2068 585 2135 propinqua
621 2085 663 2121 et
698 2093 946 2134 synonyma.
1014 2079 1075 2122 Cf.
1114 2080 1239 2136 Soph.
1262 2079 1309 2121 Ο.
1334 2080 1380 2122 R.
1406 2080 1516 2122 1193
1553 2081 1617 2122 τὸν
1659 2079 1725 2123 σόν
1763 2096 1823 2123 τοι
1858 2082 1979 2136 παρά-

345 2149 474 2209 δειγμ’
510 2153 630 2210 ἔχων,
661 2155 726 2196 τὸν
758 2155 826 2196 σὸν
858 2155 1036 2209 δαίμονα,
1068 2155 1133 2196 τὸν
1165 2156 1245 2197 σόν.
1307 2154 1466 2197 Similis
1497 2164 1560 2198 est
1589 2155 1862 2212 anaphora,
1894 2169 1978 2212 qua

347 2230 476 2272 Thuc.
516 2237 643 2286 atque
679 2230 807 2272 etiam
846 2230 1017 2285 Gorgias
1055 2231 1284 2284 rarissime,
1332 2233 1432 2273 Ant.
1472 2236 1610 2273 orator
1643 2231 1808 2288 saepius
1844 2231 1979 2274 utitur

347 2304 419 2358 (cf.
464 2305 582 2347 Blass
619 2305 646 2347 l.
671 2320 705 2348 c.
747 2319 785 2361 p.
809 2305 876 2347 68.
904 2306 1001 2347 144.
1025 2305 1150 2360 220):
1190 2306 1238 2347 fr.
1261 2305 1319 2348 49
1357 2307 1528 2361 χαλεπαὶ
1567 2307 1882 2362 μὲν-χαλεπὸν
1920 2305 1976 2348 δέ,

346 2380 448 2422 Tres
468 2386 568 2422 sunt
588 2381 632 2422 in
653 2380 799 2423 eodem
828 2382 878 2422 fr.
900 2380 956 2422 49
978 2380 1214 2436 anaphoras
1241 2381 1541 2423 interiectionis
1567 2382 1655 2423 sive
1677 2381 1979 2424 adhortationis

345 2456 440 2511 φέρε
472 2457 535 2511 δή,
569 2455 678 2498 unde
710 2470 942 2511 cognoscaS,
975 2462 1132 2511 quanto
1163 2470 1260 2498 cum
1291 2458 1482 2513 strepitu,
1515 2462 1562 2499 ut
1591 2457 1651 2498 ita
1674 2457 1822 2511 dicam,
1854 2457 1977 2500 homo

327 2532 397 2573 ‘ad
435 2546 522 2574 rem
560 2531 762 2574 accedat(
804 2531 914 2574 Sane
953 2531 1089 2573 multa
1119 2531 1203 2574 iam
1236 2546 1287 2573 ex
1319 2532 1367 2574 fr.
1389 2531 1446 2574 49
1483 2532 1715 2583 attulimus,
1748 2532 1831 2574 alia
1859 2546 1976 2575 acce·

346 2606 446 2648 dent
481 2607 674 2662 exempla
710 2606 910 2649 orationis
943 2621 1026 2649 non
1057 2612 1144 2648 tam
1177 2606 1314 2661 gravis
1345 2611 1386 2648 et
1416 2607 1602 2649 sincerae
1634 2621 1759 2663 quam
1790 2606 1977 2649 tumidae

347 2686 390 2722 et
434 2681 613 2734 fucatae,
662 2695 786 2737 quam
832 2682 1112 2736 Hermogenes
1158 2681 1201 2724 in
1241 2682 1500 2738 Antiphonte
1546 2682 1722 2725 notavit.
1787 2681 1884 2738 φέρε
1925 2682 1975 2737 δή

466 2847 522 2890 ¹¹⁴¹)
549 2848 742 2884 Salmasius
770 2849 864 2896 ἄρχει
890 2850 1038 2884 mutavit
1057 2850 1095 2884 iu
1112 2849 1214 2895 ἀρχή.
1252 2849 1355 2884 Male.
1397 2849 1485 2884 Nam
1510 2849 1605 2896 ἄρχει
1631 2853 1687 2884 est
1713 2849 1802 2884 bene
1828 2849 1976 2889 dictum,

345 2907 389 2942 cf.
415 2907 523 2942 Thuc.
550 2908 583 2942 II
613 2907 654 2942 12
685 2907 744 2953 ἥδε
776 2907 798 2953 ἡ
825 2909 934 2955 ἡμέρα
958 2914 1028 2947 τοῖς
1054 2906 1199 2954 εΈλλησι
1224 2907 1382 2954 μεγάλων
1408 2912 1527 2943 κακῶν
1559 2907 1661 2955 ἄρξει,
1687 2908 1850 2944 εἰωῦἰῐοι·
1879 2907 1975 2944 Xen-

346 2965 437 3000 Hell.
463 2966 496 3001 11
521 2966 612 3010 2‚13.
