<?xml version="1.0" encoding="UTF-8"?>
<!DOCTYPE html PUBLIC "-//W3C//DTD XHTML 1.0 Transitional//EN"
    "http://www.w3.org/TR/xhtml1/DTD/xhtml1-transitional.dtd">
<html xmlns="http://www.w3.org/1999/xhtml" xml:lang="en" lang="en">
 <head>
  <title>
</title>
<meta http-equiv="Content-Type" content="text/html;charset=utf-8" />
  <meta name='ocr-system' content='tesseract 3.04.00' />
  <meta name='ocr-capabilities' content='ocr_page ocr_carea ocr_par ocr_line ocrx_word'/>
</head>
<body>
  <div class='ocr_page' id='page_1' title='image "./deantiphontissop00jacouoft_0056.png"; bbox 0 0 2170 3412; ppageno 0'>
   <div class='ocr_carea' id='block_1_1' title="bbox 1029 250 1314 292">
    <p class='ocr_par' dir='ltr' id='par_1_1' title="bbox 1029 250 1314 292">
     <span class='ocr_line' id='line_1_1' title="bbox 1029 250 1314 292; baseline 0.004 -12"><span class='ocrx_word' id='word_1_1' title='bbox 1029 250 1314 292; x_wconf 77' lang='lat'>-52-</span> 
     </span>
    </p>
   </div>
   <div class='ocr_carea' id='block_1_2' title="bbox 351 363 1986 1169">
    <p class='ocr_par' dir='ltr' id='par_1_2' title="bbox 351 363 1986 1169">
     <span class='ocr_line' id='line_1_2' title="bbox 357 363 1986 422; baseline 0.001 -15"><span class='ocrx_word' id='word_1_2' title='bbox 357 365 396 419; x_wconf 89' lang='grc'>6,</span> <span class='ocrx_word' id='word_1_3' title='bbox 421 365 441 406; x_wconf 99' lang='grc'>1</span> <span class='ocrx_word' id='word_1_4' title='bbox 475 363 654 420; x_wconf 81' lang='grc' dir='ltr'>τέχνημα</span> <span class='ocrx_word' id='word_1_5' title='bbox 687 363 759 416; x_wconf 88' lang='grc'>7,7</span> <span class='ocrx_word' id='word_1_6' title='bbox 794 363 1038 418; x_wconf 75' lang='grc' dir='ltr'><strong>ἐπικούρημα</strong></span> <span class='ocrx_word' id='word_1_7' title='bbox 1070 363 1155 416; x_wconf 84' lang='grc'>7,5</span> <span class='ocrx_word' id='word_1_8' title='bbox 1186 363 1410 416; x_wconf 81' lang='grc' dir='ltr'>ἀνάπαυμα.</span> <span class='ocrx_word' id='word_1_9' title='bbox 1442 387 1497 394; x_wconf 89' lang='grc'>-</span> <span class='ocrx_word' id='word_1_10' title='bbox 1532 364 1627 408; x_wconf 83' lang='lat' dir='ltr'>Ant.</span> <span class='ocrx_word' id='word_1_11' title='bbox 1659 364 1735 408; x_wconf 84' lang='lat' dir='ltr'>Rh.</span> <span class='ocrx_word' id='word_1_12' title='bbox 1758 365 1795 406; x_wconf 92' lang='lat' dir='ltr'>V</span> <span class='ocrx_word' id='word_1_13' title='bbox 1829 366 1882 409; x_wconf 88' lang='grc'>16</span> <span class='ocrx_word' id='word_1_14' title='bbox 1912 381 1986 422; x_wconf 81' lang='grc' dir='ltr'>μη·</span> 
     </span>
     <span class='ocr_line' id='line_1_3' title="bbox 354 437 1986 495; baseline 0.002 -16"><span class='ocrx_word' id='word_1_15' title='bbox 354 439 517 495; x_wconf 83' lang='grc' dir='ltr'>χάνημα</span> <span class='ocrx_word' id='word_1_16' title='bbox 553 444 697 494; x_wconf 85' lang='lat' dir='ltr'>tragg.,</span> <span class='ocrx_word' id='word_1_17' title='bbox 737 439 825 491; x_wconf 89' lang='lat' dir='ltr'><strong>Ar.,</strong></span> <span class='ocrx_word' id='word_1_18' title='bbox 862 438 969 480; x_wconf 89' lang='lat' dir='ltr'>Xen.</span> <span class='ocrx_word' id='word_1_19' title='bbox 1036 438 1095 481; x_wconf 83' lang='lat' dir='ltr'>Cf.</span> <span class='ocrx_word' id='word_1_20' title='bbox 1135 437 1302 490; x_wconf 90' lang='lat' dir='ltr'>Cucuel,</span> <span class='ocrx_word' id='word_1_21' title='bbox 1340 438 1454 481; x_wconf 84' lang='lat' dir='ltr'>Essai</span> <span class='ocrx_word' id='word_1_22' title='bbox 1491 452 1562 481; x_wconf 85' lang='lat' dir='ltr'>sur</span> <span class='ocrx_word' id='word_1_23' title='bbox 1596 439 1638 482; x_wconf 79' lang='lat' dir='ltr'>la</span> <span class='ocrx_word' id='word_1_24' title='bbox 1673 439 1825 495; x_wconf 81' lang='lat' dir='ltr'>langue</span> <span class='ocrx_word' id='word_1_25' title='bbox 1866 446 1909 483; x_wconf 88' lang='lat' dir='ltr'>et</span> <span class='ocrx_word' id='word_1_26' title='bbox 1945 440 1986 483; x_wconf 87' lang='lat' dir='ltr'>le</span> 
     </span>
     <span class='ocr_line' id='line_1_4' title="bbox 354 511 1985 570; baseline 0.001 -14"><span class='ocrx_word' id='word_1_27' title='bbox 354 514 460 570; x_wconf 91' lang='lat' dir='ltr'>style</span> <span class='ocrx_word' id='word_1_28' title='bbox 491 514 541 556; x_wconf 92' lang='lat' dir='ltr'>de</span> <span class='ocrx_word' id='word_1_29' title='bbox 573 513 771 556; x_wconf 87' lang='lat' dir='ltr'>l’orateur</span> <span class='ocrx_word' id='word_1_30' title='bbox 799 515 897 555; x_wconf 85' lang='lat' dir='ltr'><strong>Ant.</strong></span> <span class='ocrx_word' id='word_1_31' title='bbox 931 512 1047 555; x_wconf 89' lang='lat' dir='ltr'>Paris</span> <span class='ocrx_word' id='word_1_32' title='bbox 1081 511 1191 555; x_wconf 85' lang='grc'>1886</span> <span class='ocrx_word' id='word_1_33' title='bbox 1222 527 1262 569; x_wconf 90' lang='lat' dir='ltr'>p.</span> <span class='ocrx_word' id='word_1_34' title='bbox 1288 512 1352 555; x_wconf 89' lang='grc'>18.</span> <span class='ocrx_word' id='word_1_35' title='bbox 1383 537 1439 543; x_wconf 94' lang='grc'>-</span> <span class='ocrx_word' id='word_1_36' title='bbox 1470 513 1599 556; x_wconf 90' lang='lat' dir='ltr'>Thuc.</span> <span class='ocrx_word' id='word_1_37' title='bbox 1632 514 1650 556; x_wconf 97' lang='lat' dir='ltr'>I</span> <span class='ocrx_word' id='word_1_38' title='bbox 1693 515 1771 556; x_wconf 90' lang='lat'>141</span> <span class='ocrx_word' id='word_1_39' title='bbox 1809 514 1985 570; x_wconf 75' lang='grc' dir='ltr'>δόξασμα</span> 
     </span>
     <span class='ocr_line' id='line_1_5' title="bbox 354 585 1983 643; baseline 0.001 -12"><span class='ocrx_word' id='word_1_40' title='bbox 354 589 463 643; x_wconf 66' lang='lat' dir='ltr'>Eur„</span> <span class='ocrx_word' id='word_1_41' title='bbox 496 588 627 630; x_wconf 88' lang='lat' dir='ltr'>Plato.</span> <span class='ocrx_word' id='word_1_42' title='bbox 660 611 715 618; x_wconf 91' lang='grc'>--</span> <span class='ocrx_word' id='word_1_43' title='bbox 746 587 874 629; x_wconf 90' lang='lat' dir='ltr'>Thuc.</span> <span class='ocrx_word' id='word_1_44' title='bbox 907 587 968 629; x_wconf 90' lang='lat'>111</span> <span class='ocrx_word' id='word_1_45' title='bbox 999 587 1055 629; x_wconf 79' lang='lat'>58</span> <span class='ocrx_word' id='word_1_46' title='bbox 1086 585 1244 642; x_wconf 81' lang='grc' dir='ltr'>ἔσθημα</span> <span class='ocrx_word' id='word_1_47' title='bbox 1275 595 1402 643; x_wconf 83' lang='lat' dir='ltr'>tragg.</span> <span class='ocrx_word' id='word_1_48' title='bbox 1464 588 1523 630; x_wconf 83' lang='lat' dir='ltr'>Cf.</span> <span class='ocrx_word' id='word_1_49' title='bbox 1556 588 1761 643; x_wconf 82' lang='lat' dir='ltr'>Cyranka‚</span> <span class='ocrx_word' id='word_1_50' title='bbox 1794 589 1855 632; x_wconf 90' lang='lat' dir='ltr'>De</span> <span class='ocrx_word' id='word_1_51' title='bbox 1891 604 1983 633; x_wconf 83' lang='lat' dir='ltr'>ora-</span> 
     </span>
     <span class='ocr_line' id='line_1_6' title="bbox 352 662 1984 719; baseline 0.001 -13"><span class='ocrx_word' id='word_1_52' title='bbox 352 663 515 706; x_wconf 88' lang='lat' dir='ltr'>tionum</span> <span class='ocrx_word' id='word_1_53' title='bbox 546 663 676 705; x_wconf 90' lang='lat' dir='ltr'>Thuc.</span> <span class='ocrx_word' id='word_1_54' title='bbox 700 662 800 705; x_wconf 85' lang='lat' dir='ltr'>eloe.</span> <span class='ocrx_word' id='word_1_55' title='bbox 824 677 918 705; x_wconf 90' lang='lat' dir='ltr'>cum</span> <span class='ocrx_word' id='word_1_56' title='bbox 948 667 1053 717; x_wconf 85' lang='lat' dir='ltr'>trag.</span> <span class='ocrx_word' id='word_1_57' title='bbox 1077 668 1326 719; x_wconf 86' lang='lat' dir='ltr'>comparata.</span> <span class='ocrx_word' id='word_1_58' title='bbox 1378 662 1551 706; x_wconf 86' lang='lat' dir='ltr'>Breslau</span> <span class='ocrx_word' id='word_1_59' title='bbox 1590 662 1714 706; x_wconf 81' lang='lat'><strong>1875.</strong></span> <span class='ocrx_word' id='word_1_60' title='bbox 1746 687 1802 694; x_wconf 92' lang='lat'><em>-</em></span> <span class='ocrx_word' id='word_1_61' title='bbox 1834 662 1984 708; x_wconf 85' lang='lat' dir='ltr'>Kaibel</span> 
     </span>
     <span class='ocr_line' id='line_1_7' title="bbox 354 737 1985 794; baseline 0.001 -14"><span class='ocrx_word' id='word_1_62' title='bbox 354 738 381 780; x_wconf 89' lang='lat'>1.</span> <span class='ocrx_word' id='word_1_63' title='bbox 409 753 443 780; x_wconf 89' lang='lat' dir='ltr'>c.</span> <span class='ocrx_word' id='word_1_64' title='bbox 480 752 518 794; x_wconf 91' lang='lat' dir='ltr'>p.</span> <span class='ocrx_word' id='word_1_65' title='bbox 548 737 646 780; x_wconf 93' lang='grc'>278.</span> <span class='ocrx_word' id='word_1_66' title='bbox 717 737 862 780; x_wconf 90' lang='lat' dir='ltr'>Nescio</span> <span class='ocrx_word' id='word_1_67' title='bbox 900 751 953 780; x_wconf 90' lang='lat' dir='ltr'>an</span> <span class='ocrx_word' id='word_1_68' title='bbox 997 737 1133 779; x_wconf 90' lang='lat' dir='ltr'>multa</span> <span class='ocrx_word' id='word_1_69' title='bbox 1167 737 1431 779; x_wconf 88' lang='lat' dir='ltr'>substantiva</span> <span class='ocrx_word' id='word_1_70' title='bbox 1466 738 1510 780; x_wconf 89' lang='lat' dir='ltr'>in</span> <span class='ocrx_word' id='word_1_71' title='bbox 1545 737 1656 780; x_wconf 90' lang='lat' dir='ltr'>hunc</span> <span class='ocrx_word' id='word_1_72' title='bbox 1692 738 1865 780; x_wconf 90' lang='lat' dir='ltr'>modum</span> <span class='ocrx_word' id='word_1_73' title='bbox 1899 738 1985 782; x_wconf 77' lang='lat' dir='ltr'>sor-</span> 
     </span>
     <span class='ocr_line' id='line_1_8' title="bbox 353 811 1986 868; baseline 0.001 -13"><span class='ocrx_word' id='word_1_74' title='bbox 353 819 480 865; x_wconf 89' lang='lat' dir='ltr'>mata,</span> <span class='ocrx_word' id='word_1_75' title='bbox 514 826 621 868; x_wconf 90' lang='lat' dir='ltr'>quae</span> <span class='ocrx_word' id='word_1_76' title='bbox 650 818 795 868; x_wconf 90' lang='lat' dir='ltr'>postea</span> <span class='ocrx_word' id='word_1_77' title='bbox 825 817 1010 855; x_wconf 86' lang='lat' dir='ltr'>oratores</span> <span class='ocrx_word' id='word_1_78' title='bbox 1031 811 1166 855; x_wconf 84' lang='lat' dir='ltr'>Attici</span> <span class='ocrx_word' id='word_1_79' title='bbox 1195 811 1480 866; x_wconf 80' lang='lat' dir='ltr'><strong>fastidiebant,</strong></span> <span class='ocrx_word' id='word_1_80' title='bbox 1512 812 1597 855; x_wconf 90' lang='lat' dir='ltr'>iam</span> <span class='ocrx_word' id='word_1_81' title='bbox 1635 813 1783 868; x_wconf 87' lang='lat' dir='ltr'>quinto</span> <span class='ocrx_word' id='word_1_82' title='bbox 1818 812 1986 856; x_wconf 86' lang='lat' dir='ltr'>saeculo</span> 
     </span>
     <span class='ocr_line' id='line_1_9' title="bbox 352 887 1983 944; baseline 0 -14"><span class='ocrx_word' id='word_1_83' title='bbox 352 889 396 931; x_wconf 91' lang='lat' dir='ltr'>in</span> <span class='ocrx_word' id='word_1_84' title='bbox 437 888 679 944; x_wconf 81' lang='lat' dir='ltr'>plebeculae</span> <span class='ocrx_word' id='word_1_85' title='bbox 715 901 839 930; x_wconf 92' lang='lat' dir='ltr'>usum</span> <span class='ocrx_word' id='word_1_86' title='bbox 877 888 1081 940; x_wconf 82' lang='lat' dir='ltr'>venerint,</span> <span class='ocrx_word' id='word_1_87' title='bbox 1124 893 1172 930; x_wconf 91' lang='lat' dir='ltr'>ut</span> <span class='ocrx_word' id='word_1_88' title='bbox 1209 887 1367 942; x_wconf 79' lang='grc' dir='ltr'>θέλημα</span> <span class='ocrx_word' id='word_1_89' title='bbox 1401 887 1540 942; x_wconf 59' lang='lat' dir='ltr'>(Ana,</span> <span class='ocrx_word' id='word_1_90' title='bbox 1577 887 1763 943; x_wconf 88' lang='lat' dir='ltr'>Matth.),</span> <span class='ocrx_word' id='word_1_91' title='bbox 1801 889 1983 944; x_wconf 72' lang='grc' dir='ltr'>δώρημα,</span> 
     </span>
     <span class='ocr_line' id='line_1_10' title="bbox 351 962 1984 1019; baseline 0.001 -14"><span class='ocrx_word' id='word_1_92' title='bbox 351 967 472 1019; x_wconf 85' lang='grc' dir='ltr'>κρῖμα</span> <span class='ocrx_word' id='word_1_93' title='bbox 516 963 681 1019; x_wconf 84' lang='lat' dir='ltr'>(tragg.,</span> <span class='ocrx_word' id='word_1_94' title='bbox 720 962 836 1005; x_wconf 87' lang='lat' dir='ltr'>Paul.</span> <span class='ocrx_word' id='word_1_95' title='bbox 874 976 937 1019; x_wconf 89' lang='lat' dir='ltr'>ep.</span> <span class='ocrx_word' id='word_1_96' title='bbox 976 962 1027 1005; x_wconf 93' lang='lat' dir='ltr'>ad</span> <span class='ocrx_word' id='word_1_97' title='bbox 1064 962 1183 1005; x_wconf 82' lang='lat' dir='ltr'>Rom.</span> <span class='ocrx_word' id='word_1_98' title='bbox 1225 963 1266 1015; x_wconf 82' lang='lat'>5,</span> <span class='ocrx_word' id='word_1_99' title='bbox 1293 963 1366 1018; x_wconf 89' lang='grc'>16)</span> <span class='ocrx_word' id='word_1_100' title='bbox 1412 962 1590 1018; x_wconf 90' lang='lat' dir='ltr'>aliaque,</span> <span class='ocrx_word' id='word_1_101' title='bbox 1628 977 1734 1018; x_wconf 91' lang='lat' dir='ltr'>quae</span> <span class='ocrx_word' id='word_1_102' title='bbox 1775 963 1819 1006; x_wconf 91' lang='lat' dir='ltr'>in</span> <span class='ocrx_word' id='word_1_103' title='bbox 1865 963 1984 1006; x_wconf 84' lang='lat' dir='ltr'>Novo</span> 
     </span>
     <span class='ocr_line' id='line_1_11' title="bbox 353 1037 1985 1094; baseline -0.001 -12"><span class='ocrx_word' id='word_1_104' title='bbox 353 1040 621 1082; x_wconf 86' lang='lat' dir='ltr'>Testamento</span> <span class='ocrx_word' id='word_1_105' title='bbox 643 1038 835 1093; x_wconf 87' lang='lat' dir='ltr'>legimus.</span> <span class='ocrx_word' id='word_1_106' title='bbox 877 1038 1022 1093; x_wconf 86' lang='lat' dir='ltr'>Neque</span> <span class='ocrx_word' id='word_1_107' title='bbox 1045 1038 1157 1079; x_wconf 90' lang='lat' dir='ltr'>enim</span> <span class='ocrx_word' id='word_1_108' title='bbox 1179 1037 1349 1080; x_wconf 83' lang='lat' dir='ltr'>desiisse</span> <span class='ocrx_word' id='word_1_109' title='bbox 1372 1037 1542 1092; x_wconf 82' lang='lat' dir='ltr'>vulgum</span> <span class='ocrx_word' id='word_1_110' title='bbox 1564 1037 1654 1080; x_wconf 88' lang='lat' dir='ltr'>eius</span> <span class='ocrx_word' id='word_1_111' title='bbox 1676 1038 1806 1094; x_wconf 87' lang='lat' dir='ltr'>ipsius</span> <span class='ocrx_word' id='word_1_112' title='bbox 1826 1039 1985 1081; x_wconf 82' lang='lat' dir='ltr'>formae</span> 
     </span>
     <span class='ocr_line' id='line_1_12' title="bbox 352 1112 1984 1169; baseline -0.001 -12"><span class='ocrx_word' id='word_1_113' title='bbox 352 1129 462 1158; x_wconf 88' lang='lat' dir='ltr'>nova</span> <span class='ocrx_word' id='word_1_114' title='bbox 505 1113 712 1156; x_wconf 90' lang='lat' dir='ltr'>vocabula</span> <span class='ocrx_word' id='word_1_115' title='bbox 757 1113 911 1168; x_wconf 85' lang='lat' dir='ltr'>fingere</span> <span class='ocrx_word' id='word_1_116' title='bbox 957 1127 1008 1155; x_wconf 84' lang='lat' dir='ltr'>ex</span> <span class='ocrx_word' id='word_1_117' title='bbox 1053 1112 1221 1169; x_wconf 89' lang='lat' dir='ltr'>Epicuri</span> <span class='ocrx_word' id='word_1_118' title='bbox 1265 1126 1455 1155; x_wconf 86' lang='lat' dir='ltr'>sermone</span> <span class='ocrx_word' id='word_1_119' title='bbox 1497 1118 1686 1169; x_wconf 88' lang='lat' dir='ltr'>apparet,</span> <span class='ocrx_word' id='word_1_120' title='bbox 1728 1126 1811 1168; x_wconf 84' lang='lat' dir='ltr'>qua</span> <span class='ocrx_word' id='word_1_121' title='bbox 1851 1112 1903 1156; x_wconf 88' lang='lat' dir='ltr'>de</span> <span class='ocrx_word' id='word_1_122' title='bbox 1938 1127 1984 1156; x_wconf 83' lang='lat' dir='ltr'>re</span> 
     </span>
    </p>
   </div>
   <div class='ocr_carea' id='block_1_3' title="bbox 351 1187 1985 1320">
    <p class='ocr_par' dir='ltr' id='par_1_3' title="bbox 351 1187 1985 1320">
     <span class='ocr_line' id='line_1_13' title="bbox 351 1187 1142 1244; baseline -0.003 -12"><span class='ocrx_word' id='word_1_123' title='bbox 351 1189 572 1232; x_wconf 89' lang='lat' dir='ltr'>Nordenus</span> <span class='ocrx_word' id='word_1_124' title='bbox 603 1203 671 1231; x_wconf 88' lang='lat' dir='ltr'>me</span> <span class='ocrx_word' id='word_1_125' title='bbox 701 1188 843 1231; x_wconf 88' lang='lat' dir='ltr'>docuit</span> <span class='ocrx_word' id='word_1_126' title='bbox 873 1188 901 1231; x_wconf 91' lang='lat' dir='ltr'>l.</span> <span class='ocrx_word' id='word_1_127' title='bbox 924 1203 958 1231; x_wconf 86' lang='lat' dir='ltr'>c.</span> <span class='ocrx_word' id='word_1_128' title='bbox 981 1203 1021 1244; x_wconf 93' lang='lat' dir='ltr'>p.</span> <span class='ocrx_word' id='word_1_129' title='bbox 1047 1187 1142 1230; x_wconf 90' lang='grc'>124.</span> 
     </span>
     <span class='ocr_line' id='line_1_14' title="bbox 467 1261 1985 1320; baseline -0.001 -13"><span class='ocrx_word' id='word_1_130' title='bbox 467 1263 647 1307; x_wconf 90' lang='lat' dir='ltr'><strong>Omnino</strong></span> <span class='ocrx_word' id='word_1_131' title='bbox 683 1263 902 1320; x_wconf 85' lang='lat' dir='ltr'><strong>Antiphon</strong></span> <span class='ocrx_word' id='word_1_132' title='bbox 944 1263 1171 1306; x_wconf 85' lang='lat' dir='ltr'>inusitatas</span> <span class='ocrx_word' id='word_1_133' title='bbox 1213 1262 1436 1305; x_wconf 89' lang='lat' dir='ltr'>verborum</span> <span class='ocrx_word' id='word_1_134' title='bbox 1488 1263 1641 1305; x_wconf 87' lang='lat' dir='ltr'>formas</span> <span class='ocrx_word' id='word_1_135' title='bbox 1692 1261 1985 1306; x_wconf 80' lang='lat' dir='ltr'>communibus</span> 
     </span>
    </p>
   </div>
   <div class='ocr_carea' id='block_1_4' title="bbox 344 1342 1985 2827">
    <p class='ocr_par' dir='ltr' id='par_1_4' title="bbox 350 1342 550 1398">
     <span class='ocr_line' id='line_1_15' title="bbox 350 1342 550 1398; baseline -0.005 -14"><span class='ocrx_word' id='word_1_136' title='bbox 350 1342 550 1398; x_wconf 84' lang='lat' dir='ltr'>praefert:</span> 
     </span>
    </p>

    <p class='ocr_par' dir='ltr' id='par_1_5' title="bbox 461 1415 1330 1472">
     <span class='ocr_line' id='line_1_16' title="bbox 461 1415 1330 1472; baseline -0.002 -13"><span class='ocrx_word' id='word_1_137' title='bbox 461 1415 603 1472; x_wconf 82' lang='grc' dir='ltr'>Ἀληθ.</span> <span class='ocrx_word' id='word_1_138' title='bbox 636 1417 684 1458; x_wconf 87' lang='lat' dir='ltr'>fr.</span> <span class='ocrx_word' id='word_1_139' title='bbox 717 1417 744 1458; x_wconf 84' lang='lat'>5</span> <span class='ocrx_word' id='word_1_140' title='bbox 775 1415 920 1457; x_wconf 85' lang='grc' dir='ltr'>οἷοπτα·</span> <span class='ocrx_word' id='word_1_141' title='bbox 954 1415 1037 1456; x_wconf 89' lang='grc' dir='ltr'>ἀντὶ</span> <span class='ocrx_word' id='word_1_142' title='bbox 1068 1417 1136 1457; x_wconf 78' lang='grc' dir='ltr'>τοῦ</span> <span class='ocrx_word' id='word_1_143' title='bbox 1167 1416 1330 1471; x_wconf 85' lang='grc' dir='ltr'>ἀόρατα.</span> 
     </span>
    </p>

    <p class='ocr_par' dir='ltr' id='par_1_6' title="bbox 348 1488 1985 1696">
     <span class='ocr_line' id='line_1_17' title="bbox 465 1488 1985 1547; baseline -0.002 -12"><span class='ocrx_word' id='word_1_144' title='bbox 465 1491 529 1535; x_wconf 86' lang='lat' dir='ltr'>Fr.</span> <span class='ocrx_word' id='word_1_145' title='bbox 562 1491 618 1534; x_wconf 81' lang='lat'>35</span> <span class='ocrx_word' id='word_1_146' title='bbox 649 1491 866 1546; x_wconf 79' lang='grc' dir='ltr'>ἐναιμῶδες</span> <span class='ocrx_word' id='word_1_147' title='bbox 897 1505 968 1547; x_wconf 91' lang='lat' dir='ltr'>pro</span> <span class='ocrx_word' id='word_1_148' title='bbox 1008 1489 1177 1544; x_wconf 82' lang='grc' dir='ltr'>ἔναιμον.</span> <span class='ocrx_word' id='word_1_149' title='bbox 1253 1490 1485 1532; x_wconf 87' lang='lat' dir='ltr'>Adiectivis</span> <span class='ocrx_word' id='word_1_150' title='bbox 1515 1490 1559 1532; x_wconf 89' lang='lat' dir='ltr'>in</span> <span class='ocrx_word' id='word_1_151' title='bbox 1590 1490 1721 1546; x_wconf 76' lang='grc' dir='ltr'>-ωὸης</span> <span class='ocrx_word' id='word_1_152' title='bbox 1752 1488 1985 1532; x_wconf 76' lang='lat' dir='ltr'>delectatur</span> 
     </span>
     <span class='ocr_line' id='line_1_18' title="bbox 350 1563 1984 1620; baseline -0.001 -12"><span class='ocrx_word' id='word_1_153' title='bbox 350 1566 479 1609; x_wconf 90' lang='lat' dir='ltr'>Thuc.</span> <span class='ocrx_word' id='word_1_154' title='bbox 511 1566 570 1608; x_wconf 84' lang='lat' dir='ltr'>cf.</span> <span class='ocrx_word' id='word_1_155' title='bbox 583 1566 780 1620; x_wconf 84' lang='lat' dir='ltr'>Wolcott,</span> <span class='ocrx_word' id='word_1_156' title='bbox 795 1566 895 1608; x_wconf 86' lang='lat' dir='ltr'>New</span> <span class='ocrx_word' id='word_1_157' title='bbox 907 1565 1058 1608; x_wconf 89' lang='lat' dir='ltr'>Words</span> <span class='ocrx_word' id='word_1_158' title='bbox 1074 1565 1119 1608; x_wconf 90' lang='lat' dir='ltr'>in</span> <span class='ocrx_word' id='word_1_159' title='bbox 1136 1565 1280 1617; x_wconf 89' lang='lat' dir='ltr'>Thuc.‚</span> <span class='ocrx_word' id='word_1_160' title='bbox 1296 1564 1593 1608; x_wconf 84' lang='lat' dir='ltr'>Transactions</span> <span class='ocrx_word' id='word_1_161' title='bbox 1609 1564 1692 1607; x_wconf 87' lang='lat' dir='ltr'>and</span> <span class='ocrx_word' id='word_1_162' title='bbox 1709 1563 1984 1620; x_wconf 80' lang='lat' dir='ltr'>Proceedings</span> 
     </span>
     <span class='ocr_line' id='line_1_19' title="bbox 348 1638 1978 1696; baseline -0.003 -11"><span class='ocrx_word' id='word_1_163' title='bbox 348 1643 393 1686; x_wconf 83' lang='lat' dir='ltr'>of</span> <span class='ocrx_word' id='word_1_164' title='bbox 418 1641 489 1685; x_wconf 91' lang='lat' dir='ltr'>the</span> <span class='ocrx_word' id='word_1_165' title='bbox 519 1641 742 1684; x_wconf 80' lang='lat' dir='ltr'>American</span> <span class='ocrx_word' id='word_1_166' title='bbox 774 1640 1042 1696; x_wconf 84' lang='lat' dir='ltr'>Philological</span> <span class='ocrx_word' id='word_1_167' title='bbox 1075 1640 1336 1683; x_wconf 86' lang='lat' dir='ltr'>Association</span> <span class='ocrx_word' id='word_1_168' title='bbox 1372 1639 1493 1683; x_wconf 83' lang='lat'><strong>1898.</strong></span> <span class='ocrx_word' id='word_1_169' title='bbox 1526 1639 1618 1682; x_wconf 90' lang='lat' dir='ltr'>Vol.</span> <span class='ocrx_word' id='word_1_170' title='bbox 1647 1639 1787 1681; x_wconf 90' lang='lat' dir='ltr'>XXIX</span> <span class='ocrx_word' id='word_1_171' title='bbox 1818 1653 1857 1695; x_wconf 93' lang='lat' dir='ltr'>p.</span> <span class='ocrx_word' id='word_1_172' title='bbox 1882 1638 1978 1681; x_wconf 82' lang='lat'>154.</span> 
     </span>
    </p>

    <p class='ocr_par' dir='ltr' id='par_1_7' title="bbox 346 1713 1983 1846">
     <span class='ocr_line' id='line_1_20' title="bbox 463 1713 1983 1772; baseline -0.002 -13"><span class='ocrx_word' id='word_1_173' title='bbox 463 1717 527 1759; x_wconf 90' lang='lat' dir='ltr'>Fr.</span> <span class='ocrx_word' id='word_1_174' title='bbox 567 1717 624 1759; x_wconf 85' lang='lat'>30</span> <span class='ocrx_word' id='word_1_175' title='bbox 666 1718 873 1772; x_wconf 82' lang='grc' dir='ltr'>γρυπάνιον</span> <span class='ocrx_word' id='word_1_176' title='bbox 911 1730 936 1757; x_wconf 87' lang='lat' dir='ltr'>a</span> <span class='ocrx_word' id='word_1_177' title='bbox 979 1716 1106 1758; x_wconf 89' lang='lat' dir='ltr'>verbo</span> <span class='ocrx_word' id='word_1_178' title='bbox 1144 1715 1358 1770; x_wconf 81' lang='grc' dir='ltr'>γρυπαίνειν</span> <span class='ocrx_word' id='word_1_179' title='bbox 1403 1715 1430 1757; x_wconf 90' lang='lat' dir='ltr'>i.</span> <span class='ocrx_word' id='word_1_180' title='bbox 1460 1729 1494 1757; x_wconf 92' lang='lat' dir='ltr'>e.</span> <span class='ocrx_word' id='word_1_181' title='bbox 1527 1715 1772 1770; x_wconf 76' lang='grc' dir='ltr'>γρυποῦσῦαι</span> <span class='ocrx_word' id='word_1_182' title='bbox 1814 1713 1983 1757; x_wconf 82' lang='lat' dir='ltr'>videtur</span> 
     </span>
     <span class='ocr_line' id='line_1_21' title="bbox 346 1790 1661 1846; baseline -0.003 -11"><span class='ocrx_word' id='word_1_183' title='bbox 346 1792 596 1846; x_wconf 89' lang='lat' dir='ltr'>derivatum,</span> <span class='ocrx_word' id='word_1_184' title='bbox 630 1792 681 1833; x_wconf 89' lang='lat' dir='ltr'>ab</span> <span class='ocrx_word' id='word_1_185' title='bbox 711 1791 784 1834; x_wconf 92' lang='lat' dir='ltr'>illo</span> <span class='ocrx_word' id='word_1_186' title='bbox 815 1792 865 1833; x_wconf 81' lang='lat' dir='ltr'>fr.</span> <span class='ocrx_word' id='word_1_187' title='bbox 888 1792 939 1833; x_wconf 88' lang='lat'>31</span> <span class='ocrx_word' id='word_1_188' title='bbox 972 1790 1226 1846; x_wconf 78' lang='grc' dir='ltr'>γρυπανίζειν.</span> <span class='ocrx_word' id='word_1_189' title='bbox 1288 1790 1543 1846; x_wconf 85' lang='lat' dir='ltr'>Cf.Harpoc.</span> <span class='ocrx_word' id='word_1_190' title='bbox 1567 1804 1599 1832; x_wconf 89' lang='lat' dir='ltr'>s.</span> <span class='ocrx_word' id='word_1_191' title='bbox 1623 1803 1661 1832; x_wconf 90' lang='lat' dir='ltr'>v.</span> 
     </span>
    </p>

    <p class='ocr_par' dir='ltr' id='par_1_8' title="bbox 464 1864 1523 1922">
     <span class='ocr_line' id='line_1_22' title="bbox 464 1864 1523 1922; baseline -0.003 -13"><span class='ocrx_word' id='word_1_192' title='bbox 464 1867 511 1909; x_wconf 87' lang='grc' dir='ltr'>Π.</span> <span class='ocrx_word' id='word_1_193' title='bbox 544 1868 653 1920; x_wconf 83' lang='grc' dir='ltr'>ὁμον.</span> <span class='ocrx_word' id='word_1_194' title='bbox 686 1867 734 1908; x_wconf 93' lang='lat' dir='ltr'>fr.</span> <span class='ocrx_word' id='word_1_195' title='bbox 758 1865 810 1908; x_wconf 86' lang='grc'>67</span> <span class='ocrx_word' id='word_1_196' title='bbox 844 1866 1095 1922; x_wconf 79' lang='grc' dir='ltr'>ἀθεώρητος·</span> <span class='ocrx_word' id='word_1_197' title='bbox 1129 1866 1212 1907; x_wconf 82' lang='grc' dir='ltr'>ἀντὶ</span> <span class='ocrx_word' id='word_1_198' title='bbox 1242 1867 1310 1907; x_wconf 81' lang='grc' dir='ltr'>τοῦ</span> <span class='ocrx_word' id='word_1_199' title='bbox 1343 1864 1523 1910; x_wconf 81' lang='grc' dir='ltr'><strong>ἀθέατος.</strong></span> 
     </span>
    </p>

    <p class='ocr_par' dir='ltr' id='par_1_9' title="bbox 345 1938 1981 2226">
     <span class='ocr_line' id='line_1_23' title="bbox 460 1938 1981 1997; baseline -0.002 -13"><span class='ocrx_word' id='word_1_200' title='bbox 460 1943 525 1985; x_wconf 88' lang='lat' dir='ltr'>Fr.</span> <span class='ocrx_word' id='word_1_201' title='bbox 547 1943 605 1985; x_wconf 88' lang='grc'>60</span> <span class='ocrx_word' id='word_1_202' title='bbox 635 1942 682 1983; x_wconf 86' lang='grc' dir='ltr'>τὰ</span> <span class='ocrx_word' id='word_1_203' title='bbox 720 1939 881 1997; x_wconf 83' lang='grc' dir='ltr'>ἔκφορα,</span> <span class='ocrx_word' id='word_1_204' title='bbox 921 1941 1003 1983; x_wconf 88' lang='lat' dir='ltr'>nisi</span> <span class='ocrx_word' id='word_1_205' title='bbox 1038 1941 1238 1983; x_wconf 90' lang='lat' dir='ltr'>mendosa</span> <span class='ocrx_word' id='word_1_206' title='bbox 1275 1944 1337 1982; x_wconf 87' lang='lat' dir='ltr'>est</span> <span class='ocrx_word' id='word_1_207' title='bbox 1372 1940 1475 1982; x_wconf 88' lang='lat' dir='ltr'>haec</span> <span class='ocrx_word' id='word_1_208' title='bbox 1511 1940 1717 1996; x_wconf 88' lang='lat' dir='ltr'>scriptura</span> <span class='ocrx_word' id='word_1_209' title='bbox 1754 1953 1801 1982; x_wconf 90' lang='lat' dir='ltr'>ac</span> <span class='ocrx_word' id='word_1_210' title='bbox 1837 1938 1981 1995; x_wconf 85' lang='lat' dir='ltr'>potius</span> 
     </span>
     <span class='ocr_line' id='line_1_24' title="bbox 346 2013 1980 2075; baseline -0.003 -14"><span class='ocrx_word' id='word_1_211' title='bbox 346 2017 632 2075; x_wconf 89' lang='lat' dir='ltr'>reponendum</span> <span class='ocrx_word' id='word_1_212' title='bbox 663 2017 844 2072; x_wconf 83' lang='grc' dir='ltr'>ἐκφόρια;</span> <span class='ocrx_word' id='word_1_213' title='bbox 876 2030 1134 2072; x_wconf 86' lang='lat' dir='ltr'>quamquam</span> <span class='ocrx_word' id='word_1_214' title='bbox 1164 2014 1330 2071; x_wconf 82' lang='grc' dir='ltr'>ἔκφορος</span> <span class='ocrx_word' id='word_1_215' title='bbox 1361 2015 1489 2058; x_wconf 89' lang='lat' dir='ltr'>etiam</span> <span class='ocrx_word' id='word_1_216' title='bbox 1511 2015 1675 2071; x_wconf 80' lang='lat' dir='ltr'>passive</span> <span class='ocrx_word' id='word_1_217' title='bbox 1696 2013 1864 2067; x_wconf 85' lang='lat' dir='ltr'>dicitur,</span> <span class='ocrx_word' id='word_1_218' title='bbox 1894 2013 1980 2056; x_wconf 85' lang='lat' dir='ltr'>alio</span> 
     </span>
     <span class='ocr_line' id='line_1_25' title="bbox 345 2089 1979 2147; baseline -0.003 -11"><span class='ocrx_word' id='word_1_219' title='bbox 345 2100 487 2137; x_wconf 87' lang='lat' dir='ltr'>tamen</span> <span class='ocrx_word' id='word_1_220' title='bbox 518 2092 749 2135; x_wconf 87' lang='lat' dir='ltr'>intellectu.</span> <span class='ocrx_word' id='word_1_221' title='bbox 812 2091 914 2134; x_wconf 92' lang='lat' dir='ltr'>Poll.</span> <span class='ocrx_word' id='word_1_222' title='bbox 946 2092 966 2133; x_wconf 87' lang='lat'>1</span> <span class='ocrx_word' id='word_1_223' title='bbox 995 2091 1075 2133; x_wconf 83' lang='lat'>237</span> <span class='ocrx_word' id='word_1_224' title='bbox 1118 2092 1165 2133; x_wconf 91' lang='lat' dir='ltr'>B.</span> <span class='ocrx_word' id='word_1_225' title='bbox 1205 2106 1277 2147; x_wconf 90' lang='lat' dir='ltr'>pro</span> <span class='ocrx_word' id='word_1_226' title='bbox 1315 2091 1462 2146; x_wconf 80' lang='grc' dir='ltr'>καρπός</span> <span class='ocrx_word' id='word_1_227' title='bbox 1498 2096 1540 2133; x_wconf 89' lang='lat' dir='ltr'>et</span> <span class='ocrx_word' id='word_1_228' title='bbox 1576 2090 1700 2146; x_wconf 84' lang='grc' dir='ltr'>φοράν</span> <span class='ocrx_word' id='word_1_229' title='bbox 1737 2094 1780 2132; x_wconf 88' lang='lat' dir='ltr'>et</span> <span class='ocrx_word' id='word_1_230' title='bbox 1815 2089 1979 2146; x_wconf 81' lang='grc' dir='ltr'>φόρημα</span> 
     </span>
     <span class='ocr_line' id='line_1_26' title="bbox 345 2166 1084 2226; baseline -0.005 -14"><span class='ocrx_word' id='word_1_231' title='bbox 345 2175 387 2212; x_wconf 83' lang='lat' dir='ltr'>et</span> <span class='ocrx_word' id='word_1_232' title='bbox 417 2169 598 2226; x_wconf 87' lang='grc' dir='ltr'>ἐκφόριον</span> <span class='ocrx_word' id='word_1_233' title='bbox 628 2166 814 2223; x_wconf 83' lang='grc' dir='ltr'>(ἔκφορον</span> <span class='ocrx_word' id='word_1_234' title='bbox 846 2167 923 2222; x_wconf 84' lang='lat' dir='ltr'>A!)</span> <span class='ocrx_word' id='word_1_235' title='bbox 952 2168 1084 2209; x_wconf 85' lang='lat' dir='ltr'>affert.</span> 
     </span>
    </p>

    <p class='ocr_par' dir='ltr' id='par_1_10' title="bbox 463 2239 1758 2298">
     <span class='ocr_line' id='line_1_27' title="bbox 463 2239 1758 2298; baseline -0.004 -12"><span class='ocrx_word' id='word_1_236' title='bbox 463 2244 684 2286; x_wconf 90' lang='lat' dir='ltr'>Praeterea</span> <span class='ocrx_word' id='word_1_237' title='bbox 714 2243 816 2285; x_wconf 84' lang='lat' dir='ltr'>haec</span> <span class='ocrx_word' id='word_1_238' title='bbox 848 2242 971 2298; x_wconf 92' lang='lat' dir='ltr'>plane</span> <span class='ocrx_word' id='word_1_239' title='bbox 1001 2255 1110 2284; x_wconf 94' lang='lat' dir='ltr'>nova</span> <span class='ocrx_word' id='word_1_240' title='bbox 1139 2241 1310 2283; x_wconf 84' lang='lat' dir='ltr'>finxisse</span> <span class='ocrx_word' id='word_1_241' title='bbox 1339 2241 1506 2282; x_wconf 85' lang='lat' dir='ltr'>videtur</span> <span class='ocrx_word' id='word_1_242' title='bbox 1536 2239 1758 2282; x_wconf 85' lang='lat' dir='ltr'>vocabula:</span> 
     </span>
    </p>

    <p class='ocr_par' dir='ltr' id='par_1_11' title="bbox 454 2313 1976 2375">
     <span class='ocr_line' id='line_1_28' title="bbox 454 2313 1976 2375; baseline -0.005 -13"><span class='ocrx_word' id='word_1_243' title='bbox 454 2318 597 2375; x_wconf 78' lang='grc' dir='ltr'><strong>Ἀληθ.</strong></span> <span class='ocrx_word' id='word_1_244' title='bbox 623 2319 673 2361; x_wconf 86' lang='lat' dir='ltr'>fr.</span> <span class='ocrx_word' id='word_1_245' title='bbox 691 2318 746 2361; x_wconf 88' lang='grc'>22</span> <span class='ocrx_word' id='word_1_246' title='bbox 763 2318 942 2367; x_wconf 85' lang='grc' dir='ltr'>ἀειεστώ,</span> <span class='ocrx_word' id='word_1_247' title='bbox 966 2318 1016 2359; x_wconf 86' lang='lat' dir='ltr'>cf.</span> <span class='ocrx_word' id='word_1_248' title='bbox 1033 2317 1224 2359; x_wconf 86' lang='lat' dir='ltr'>Democr.</span> <span class='ocrx_word' id='word_1_249' title='bbox 1243 2318 1292 2358; x_wconf 88' lang='lat' dir='ltr'>fr.</span> <span class='ocrx_word' id='word_1_250' title='bbox 1309 2317 1337 2358; x_wconf 88' lang='lat'>4</span> <span class='ocrx_word' id='word_1_251' title='bbox 1353 2315 1516 2368; x_wconf 81' lang='grc' dir='ltr'>εὖεστώ,</span> <span class='ocrx_word' id='word_1_252' title='bbox 1539 2314 1686 2357; x_wconf 89' lang='lat' dir='ltr'>Philol.</span> <span class='ocrx_word' id='word_1_253' title='bbox 1705 2316 1752 2356; x_wconf 87' lang='lat' dir='ltr'>fr.</span> <span class='ocrx_word' id='word_1_254' title='bbox 1770 2313 1798 2356; x_wconf 89' lang='grc'><strong>6</strong></span> <span class='ocrx_word' id='word_1_255' title='bbox 1815 2315 1840 2355; x_wconf 87' lang='grc' dir='ltr'>ἁ</span> <span class='ocrx_word' id='word_1_256' title='bbox 1856 2313 1976 2356; x_wconf 80' lang='grc' dir='ltr'>ἐστώ.</span> 
     </span>
    </p>

    <p class='ocr_par' dir='ltr' id='par_1_12' title="bbox 460 2388 1839 2447">
     <span class='ocr_line' id='line_1_29' title="bbox 460 2388 1839 2447; baseline -0.005 -10"><span class='ocrx_word' id='word_1_257' title='bbox 460 2395 524 2437; x_wconf 83' lang='lat' dir='ltr'>Fr.</span> <span class='ocrx_word' id='word_1_258' title='bbox 557 2396 613 2437; x_wconf 83' lang='lat'>24</span> <span class='ocrx_word' id='word_1_259' title='bbox 644 2394 894 2435; x_wconf 82' lang='grc' dir='ltr'>ἀδιάστατον·</span> <span class='ocrx_word' id='word_1_260' title='bbox 927 2393 970 2434; x_wconf 85' lang='grc' dir='ltr'>τὸ</span> <span class='ocrx_word' id='word_1_261' title='bbox 1003 2392 1125 2447; x_wconf 86' lang='grc' dir='ltr'>μήπω</span> <span class='ocrx_word' id='word_1_262' title='bbox 1164 2393 1364 2447; x_wconf 82' lang='grc' dir='ltr'>διεστηκὸς</span> <span class='ocrx_word' id='word_1_263' title='bbox 1401 2392 1502 2447; x_wconf 81' lang='grc' dir='ltr'>μηδὲ</span> <span class='ocrx_word' id='word_1_264' title='bbox 1537 2388 1839 2445; x_wconf 78' lang='grc' dir='ltr'>διακεκριμένον.</span> 
     </span>
    </p>

    <p class='ocr_par' dir='ltr' id='par_1_13' title="bbox 459 2468 1305 2525">
     <span class='ocr_line' id='line_1_30' title="bbox 459 2468 1305 2525; baseline -0.005 -13"><span class='ocrx_word' id='word_1_265' title='bbox 459 2471 523 2512; x_wconf 91' lang='lat' dir='ltr'>Fr.</span> <span class='ocrx_word' id='word_1_266' title='bbox 557 2470 613 2512; x_wconf 91' lang='lat'>10</span> <span class='ocrx_word' id='word_1_267' title='bbox 643 2468 828 2525; x_wconf 83' lang='grc' dir='ltr'>ἀδέητος·</span> <span class='ocrx_word' id='word_1_268' title='bbox 860 2470 881 2510; x_wconf 83' lang='grc' dir='ltr'><strong>ὁ</strong></span> <span class='ocrx_word' id='word_1_269' title='bbox 914 2469 1079 2523; x_wconf 81' lang='grc' dir='ltr'>μηδενὸς</span> <span class='ocrx_word' id='word_1_270' title='bbox 1110 2468 1305 2521; x_wconf 82' lang='grc' dir='ltr'>δεόμενος.</span> 
     </span>
    </p>

    <p class='ocr_par' dir='ltr' id='par_1_14' title="bbox 459 2538 1976 2600">
     <span class='ocr_line' id='line_1_31' title="bbox 459 2538 1976 2600; baseline -0.004 -13"><span class='ocrx_word' id='word_1_271' title='bbox 459 2546 525 2588; x_wconf 87' lang='lat' dir='ltr'>Fr.</span> <span class='ocrx_word' id='word_1_272' title='bbox 558 2545 612 2588; x_wconf 81' lang='lat'>32</span> <span class='ocrx_word' id='word_1_273' title='bbox 644 2543 940 2600; x_wconf 72' lang='grc' dir='ltr'>παραλυκίσασα</span> <span class='ocrx_word' id='word_1_274' title='bbox 977 2542 1204 2599; x_wconf 84' lang='lat' dir='ltr'>explicavit</span> <span class='ocrx_word' id='word_1_275' title='bbox 1234 2541 1439 2585; x_wconf 88' lang='lat' dir='ltr'>Dielesius</span> <span class='ocrx_word' id='word_1_276' title='bbox 1469 2541 1514 2583; x_wconf 88' lang='lat' dir='ltr'>in</span> <span class='ocrx_word' id='word_1_277' title='bbox 1545 2540 1641 2583; x_wconf 90' lang='lat' dir='ltr'>adn.</span> <span class='ocrx_word' id='word_1_278' title='bbox 1674 2540 1727 2599; x_wconf 70' lang='lat' dir='ltr'>II.</span> <span class='ocrx_word' id='word_1_279' title='bbox 1766 2538 1976 2582; x_wconf 88' lang='lat' dir='ltr'>editionis.</span> 
     </span>
    </p>

    <p class='ocr_par' dir='ltr' id='par_1_15' title="bbox 344 2613 1979 2827">
     <span class='ocr_line' id='line_1_32' title="bbox 459 2613 1979 2677; baseline -0.005 -14"><span class='ocrx_word' id='word_1_280' title='bbox 459 2620 676 2677; x_wconf 85' lang='lat' dir='ltr'>Sophistas</span> <span class='ocrx_word' id='word_1_281' title='bbox 706 2618 994 2662; x_wconf 89' lang='lat' dir='ltr'>novandorum</span> <span class='ocrx_word' id='word_1_282' title='bbox 1026 2618 1246 2660; x_wconf 87' lang='lat' dir='ltr'>verborum</span> <span class='ocrx_word' id='word_1_283' title='bbox 1275 2616 1482 2659; x_wconf 83' lang='lat' dir='ltr'>studiosos</span> <span class='ocrx_word' id='word_1_284' title='bbox 1512 2614 1637 2657; x_wconf 83' lang='lat' dir='ltr'>fuisse</span> <span class='ocrx_word' id='word_1_285' title='bbox 1668 2619 1842 2656; x_wconf 89' lang='lat' dir='ltr'>constat.</span> <span class='ocrx_word' id='word_1_286' title='bbox 1902 2613 1979 2655; x_wconf 82' lang='lat' dir='ltr'>At-</span> 
     </span>
     <span class='ocr_line' id='line_1_33' title="bbox 346 2688 1976 2751; baseline -0.006 -13"><span class='ocrx_word' id='word_1_287' title='bbox 346 2710 426 2751; x_wconf 90' lang='lat' dir='ltr'>que</span> <span class='ocrx_word' id='word_1_288' title='bbox 457 2695 666 2751; x_wconf 87' lang='lat' dir='ltr'>imprimis</span> <span class='ocrx_word' id='word_1_289' title='bbox 696 2694 914 2749; x_wconf 90' lang='lat' dir='ltr'>Antiphon</span> <span class='ocrx_word' id='word_1_290' title='bbox 945 2693 1043 2735; x_wconf 91' lang='lat' dir='ltr'>huic</span> <span class='ocrx_word' id='word_1_291' title='bbox 1074 2693 1132 2735; x_wconf 91' lang='lat' dir='ltr'>rei</span> <span class='ocrx_word' id='word_1_292' title='bbox 1164 2706 1334 2748; x_wconf 89' lang='lat' dir='ltr'>operam</span> <span class='ocrx_word' id='word_1_293' title='bbox 1364 2690 1526 2733; x_wconf 87' lang='lat' dir='ltr'>dedisse</span> <span class='ocrx_word' id='word_1_294' title='bbox 1564 2704 1586 2731; x_wconf 92' lang='lat' dir='ltr'>e</span> <span class='ocrx_word' id='word_1_295' title='bbox 1622 2688 1864 2744; x_wconf 87' lang='lat' dir='ltr'>fragmentis</span> <span class='ocrx_word' id='word_1_296' title='bbox 1900 2701 1976 2744; x_wconf 92' lang='lat' dir='ltr'>ap-</span> 
     </span>
     <span class='ocr_line' id='line_1_34' title="bbox 344 2763 1977 2827; baseline -0.006 -14"><span class='ocrx_word' id='word_1_297' title='bbox 344 2776 461 2827; x_wconf 83' lang='lat' dir='ltr'>paret</span> <span class='ocrx_word' id='word_1_298' title='bbox 478 2770 561 2825; x_wconf 85' lang='lat'><strong>¹⁰⁴).</strong></span> <span class='ocrx_word' id='word_1_299' title='bbox 624 2771 760 2820; x_wconf 85' lang='lat' dir='ltr'>Quare</span> <span class='ocrx_word' id='word_1_300' title='bbox 792 2777 926 2812; x_wconf 85' lang='lat' dir='ltr'>artem</span> <span class='ocrx_word' id='word_1_301' title='bbox 956 2768 1074 2810; x_wconf 88' lang='lat' dir='ltr'>illam</span> <span class='ocrx_word' id='word_1_302' title='bbox 1104 2767 1353 2810; x_wconf 84' lang='lat' dir='ltr'>rhetoricam</span> <span class='ocrx_word' id='word_1_303' title='bbox 1383 2765 1608 2822; x_wconf 80' lang='grc' dir='ltr'>(ῥητορικὰς</span> <span class='ocrx_word' id='word_1_304' title='bbox 1638 2763 1814 2820; x_wconf 82' lang='grc' dir='ltr'>τέχνας),</span> <span class='ocrx_word' id='word_1_305' title='bbox 1845 2776 1977 2819; x_wconf 87' lang='lat' dir='ltr'>quam</span> 
     </span>
    </p>
   </div>
   <div class='ocr_carea' id='block_1_5' title="bbox 344 2867 615 2876">
    <p class='ocr_par' dir='ltr' id='par_1_16' title="bbox 344 2867 615 2876">
     <span class='ocr_line' id='line_1_35' title="bbox 344 2867 615 2876; baseline 0 0"><span class='ocrx_word' id='word_1_306' title='bbox 344 2867 615 2876; x_wconf 95' lang='lat' dir='ltr'> </span> 
     </span>
    </p>
   </div>
   <div class='ocr_carea' id='block_1_6' title="bbox 343 2925 1977 3034">
    <p class='ocr_par' dir='ltr' id='par_1_17' title="bbox 343 2925 1977 3034">
     <span class='ocr_line' id='line_1_36' title="bbox 466 2925 1977 2977; baseline -0.005 -11"><span class='ocrx_word' id='word_1_307' title='bbox 466 2930 522 2974; x_wconf 85' lang='lat'><strong>¹⁰⁴)</strong></span> <span class='ocrx_word' id='word_1_308' title='bbox 549 2931 755 2977; x_wconf 86' lang='lat' dir='ltr'>Gognomen</span> <span class='ocrx_word' id='word_1_309' title='bbox 782 2931 857 2965; x_wconf 89' lang='lat' dir='ltr'>eius</span> <span class='ocrx_word' id='word_1_310' title='bbox 883 2930 1120 2975; x_wconf 81' lang='grc' dir='ltr'>λογομάγειρος</span> <span class='ocrx_word' id='word_1_311' title='bbox 1138 2928 1267 2972; x_wconf 90' lang='lat' dir='ltr'>(Suid.)</span> <span class='ocrx_word' id='word_1_312' title='bbox 1293 2939 1366 2963; x_wconf 89' lang='lat' dir='ltr'>non</span> <span class='ocrx_word' id='word_1_313' title='bbox 1384 2927 1427 2962; x_wconf 88' lang='lat' dir='ltr'>ad</span> <span class='ocrx_word' id='word_1_314' title='bbox 1445 2927 1536 2962; x_wconf 89' lang='lat' dir='ltr'>hanc</span> <span class='ocrx_word' id='word_1_315' title='bbox 1553 2927 1662 2961; x_wconf 78' lang='lat' dir='ltr'>verba</span> <span class='ocrx_word' id='word_1_316' title='bbox 1679 2925 1838 2961; x_wconf 87' lang='lat' dir='ltr'>novandi</span> <span class='ocrx_word' id='word_1_317' title='bbox 1853 2927 1977 2967; x_wconf 73' lang='lat' dir='ltr'>artem,</span> 
     </span>
     <span class='ocr_line' id='line_1_37' title="bbox 343 2982 1975 3034; baseline -0.006 -9"><span class='ocrx_word' id='word_1_318' title='bbox 343 2989 406 3026; x_wconf 87' lang='lat' dir='ltr'>sed</span> <span class='ocrx_word' id='word_1_319' title='bbox 432 2989 477 3024; x_wconf 87' lang='lat' dir='ltr'>ad</span> <span class='ocrx_word' id='word_1_320' title='bbox 503 2990 696 3024; x_wconf 85' lang='lat' dir='ltr'>orationem</span> <span class='ocrx_word' id='word_1_321' title='bbox 723 2990 835 3023; x_wconf 85' lang='lat' dir='ltr'>nimia</span> <span class='ocrx_word' id='word_1_322' title='bbox 859 2988 1047 3034; x_wconf 87' lang='lat' dir='ltr'>diligentia</span> <span class='ocrx_word' id='word_1_323' title='bbox 1063 2994 1266 3022; x_wconf 85' lang='lat' dir='ltr'>concoctam</span> <span class='ocrx_word' id='word_1_324' title='bbox 1285 2990 1320 3022; x_wconf 87' lang='lat' dir='ltr'>et</span> <span class='ocrx_word' id='word_1_325' title='bbox 1336 2997 1357 3021; x_wconf 85' lang='lat' dir='ltr'>a</span> <span class='ocrx_word' id='word_1_326' title='bbox 1375 2986 1521 3021; x_wconf 81' lang='lat' dir='ltr'>veritate</span> <span class='ocrx_word' id='word_1_327' title='bbox 1539 2988 1707 3020; x_wconf 83' lang='lat' dir='ltr'>remotam</span> <span class='ocrx_word' id='word_1_328' title='bbox 1727 2984 1814 3019; x_wconf 88' lang='lat' dir='ltr'>mihi</span> <span class='ocrx_word' id='word_1_329' title='bbox 1831 2982 1975 3029; x_wconf 85' lang='lat' dir='ltr'>quidem</span> 
     </span>
    </p>
   </div>
  </div>
 </body>
</html>
