2170 3412
921 247 1175 290 -9-

232 374 341 417 quae
386 360 439 403 ad
485 361 779 417 explicandum
831 362 1042 418 sophistae
1085 376 1318 405 sermonem
1370 368 1411 405 et
1461 363 1513 405 ad
1565 363 1867 407 defendendam

234 436 424 479 codicum
455 436 677 479 lectionem
707 437 796 493 ipse
826 436 963 491 attuli,
997 451 1090 479 cum
1122 437 1172 479 iis
1203 451 1310 493 quae
1341 437 1549 480 Dielesius
1580 438 1643 480 vir
1678 438 1866 481 doctissi-

234 525 328 554 mus
358 512 401 554 in
434 512 566 554 altera
595 513 921 565 fragmentorum
953 512 1135 555 editione
1166 512 1288 555 modo
1321 513 1472 555 emissa
1502 513 1732 566 adnotavit,
1773 527 1866 556 con-

234 587 376 629 venire
407 587 528 629 valde
558 587 730 642 gaudeo.

350 662 454 704 Cum
484 662 612 717 igitur
640 662 737 704 libri
770 661 862 717 Περὶ
894 662 1075 716 ὁμονοίας
1106 662 1302 718 reliquias
1323 662 1443 704 nobis
1465 663 1749 705 retractandas
1769 677 1865 719 pro-

235 737 507 794 posuerimus,
539 736 582 778 id
618 742 853 793 spectemus
891 737 1095 793 primum,
1134 751 1259 793 quam
1296 738 1503 780 rationem
1543 738 1758 794 Antiphon
1801 753 1866 781 se-

234 818 354 855 cutus
384 811 452 863 sit,
484 826 564 868 quo
597 811 718 854 modo
749 812 982 854 sententiae
1013 812 1102 855 eius
1133 812 1243 855 inter
1271 826 1315 855 se
1345 818 1472 868 atque
1503 826 1596 855 cum
1634 819 1864 855 ceterorum

237 887 401 944 placitis
434 893 476 930 et
506 887 620 929 illius
651 893 692 930 et
723 887 959 943 posterioris
991 887 1142 930 aetatis
1180 887 1520 944 philosophorum
1558 887 1624 930 vel
1662 887 1866 943 sophista-

233 976 328 1005 rum
372 962 622 1005 cohaereant
667 969 957 1019 quantumque
994 963 1046 1004 ab
1083 963 1134 1005 iis
1177 962 1346 1004 distent.
1421 962 1568 1018 Itaque
1614 963 1700 1004 fieri
1746 977 1866 1019 posse

230 1051 461 1094 speramus,
493 1043 540 1080 ut
571 1038 723 1080 clarius
759 1047 972 1094 appareat,
1008 1038 1144 1093 qualis
1180 1037 1251 1080 ille
1288 1038 1414 1080 fuerit
1452 1038 1619 1080 virtutis
1656 1038 1864 1093 magister.

1035 1180 1067 1222 Ι.

351 1272 413 1314 Ac
451 1272 633 1328 primum
671 1271 841 1328 quidem
887 1271 1190 1328 contemplanti
1235 1272 1469 1327 fragmenta
1514 1271 1654 1314 nullus
1702 1271 1868 1314 videtur

234 1347 349 1389 locus
379 1347 431 1389 ad
462 1347 598 1403 ipsam
630 1347 839 1403 pertinere
869 1347 1147 1401 concordiam,
1187 1362 1268 1403 quo
1300 1348 1458 1389 factum
1489 1354 1570 1399 est,
1610 1353 1657 1389 ut
1693 1347 1764 1389 alii
1803 1362 1865 1397 ea,

232 1436 341 1478 quae
372 1437 397 1465 a
419 1422 598 1466 Stobaeo
629 1428 792 1465 servata
821 1428 932 1476 sunt,
964 1437 989 1465 a
1019 1423 1124 1465 libro
1147 1421 1241 1478 Περὶ
1275 1423 1458 1477 ὁμονοίας
1488 1428 1763 1478 segregarent,
1795 1423 1867 1464 alii

234 1498 541 1554 Antiphontem
578 1497 660 1539 nisi
698 1498 748 1540 de
785 1498 971 1541 moribus
1008 1497 1226 1540 hominum
1251 1498 1396 1553 deque
1436 1498 1547 1540 vitae
1585 1498 1788 1541 brevitate
1828 1503 1869 1540 et

234 1573 446 1616 aerumnis
477 1573 521 1615 in
544 1572 620 1615 hoc
641 1572 747 1616 libro
770 1587 850 1615 non
875 1573 1115 1615 disseruisse
1135 1578 1381 1616 statuerent.
1429 1574 1486 1616 At
1521 1573 1868 1616 considerandum

233 1654 295 1691 est
339 1648 459 1701 illud,
505 1648 615 1703 quod
661 1662 795 1704 neque
831 1649 1113 1703 grammatici,
1153 1649 1226 1705 qui
1263 1649 1469 1691 nonnulla
1505 1663 1556 1691 ex
1593 1648 1867 1705 Antiphontis

232 1724 340 1767 libro
369 1724 578 1767 lemmatis
606 1723 809 1780 appositis
841 1722 1187 1780 sumpserunt¹⁷),
1221 1724 1350 1766 ullam
1382 1724 1618 1767 habuerunt
1648 1725 1707 1767 rei
1745 1725 1868 1766 ratio·

233 1814 344 1852 nem,
377 1813 511 1855 neque
542 1799 761 1852 Stobaeus‚
793 1814 887 1841 cum
921 1800 1152 1842 sententias
1183 1800 1386 1855 quasdam
1416 1799 1675 1855 splendidas,
1714 1800 1868 1856 quibus

231 1874 388 1918 librum
422 1874 517 1930 slepi
548 1875 731 1930 ὁμονοίας
761 1875 994 1917 abundasse
1026 1874 1302 1917 Philostratus
1333 1875 1448 1927 dicit,
1482 1875 1548 1917 hic
1578 1875 1663 1918 illic
1701 1890 1867 1932 excerp-

229 1950 299 2003 sit,
331 1950 467 2007 ipsam
490 1951 753 1993 concordiam
775 1951 995 2007 spectavit.
1057 1951 1193 2000 Quare
1224 1964 1318 1993 cum
1340 1951 1493 1993 mirum
1515 1965 1598 1993 non
1630 1952 1685 1993 sit
1707 1950 1868 1993 nullam

231 2026 319 2068 fieri
342 2025 588 2069 concordiae
611 2026 882 2079 mentionem,
907 2031 1047 2068 tamen
1081 2025 1256 2080 vestigia
1277 2026 1482 2081 quaedam
1506 2025 1558 2068 ad
1580 2040 1671 2068 eam
1694 2026 1869 2068 ferentia

230 2101 411 2144 inveniri
445 2115 561 2157 posse
594 2109 709 2159 puto,
741 2101 892 2157 quibus
930 2107 1149 2158 appareat,
1190 2115 1316 2157 quam
1354 2101 1466 2143 viam
1505 2101 1712 2156 ingressus
1743 2101 1869 2143 Anti-

229 2175 342 2232 phon
374 2175 490 2218 illam
523 2176 720 2219 virtutem
752 2182 991 2232 persecutus
1021 2177 1087 2220 sit.
1149 2178 1262 2227 Quae
1294 2175 1470 2230 vestigia
1507 2175 1670 2218 facilius
1707 2176 1869 2231 perspi-

228 2251 401 2304 ciemus,
432 2251 480 2304 si,
514 2251 666 2306 quibus
698 2251 956 2308 temporibus
987 2251 1175 2308 sophista
1207 2255 1439 2294 commotus
1477 2251 1544 2304 sit,
1586 2256 1632 2293 ut
1669 2251 1781 2293 cives
1817 2249 1870 2292 ad

227 2326 494 2369 concordiam
525 2326 824 2381 cohortaretur,
859 2327 989 2370 oculis
1021 2327 1370 2384 proposuerimus.

346 2401 694 2459 Peloponnesiaco
741 2403 853 2445 enim
901 2402 1010 2445 bello
1049 2408 1193 2444 exorto
1234 2402 1277 2444 in
1322 2401 1516 2444 omnibus
1553 2402 1637 2443 fere
1673 2401 1872 2443 Graeciae

227 2476 471 2520 civitatibus
500 2477 725 2520 seditiones
756 2484 882 2533 atque
913 2477 1141 2520 discordias
1172 2477 1282 2520 inter
1312 2477 1534 2533 populares
1565 2477 1871 2532 optimatesque

229 2551 434 2595 exarsisse
464 2551 727 2609 Thucydides
758 2558 900 2595 narrat
929 2553 1013 2606 (ΙΙΙ
1046 2551 1139 2607 82);
1171 2553 1236 2595 καὶ
1268 2551 1437 2594 ἐπέπεσε
1469 2552 1595 2593 πολλὰ
1617 2552 1681 2593 καὶ
1710 2550 1870 2607 χαλεπὰ

229 2627 346 2670 κατὰ
377 2629 540 2670 στάσιν
573 2631 658 2674 ταῖς
688 2627 859 2670 πόλεσιν.
920 2628 1029 2670 Tum
1063 2641 1198 2670 mores
1230 2627 1428 2684 perverti,
1461 2627 1529 2680 ait,
1562 2631 1728 2683 coeptos
1766 2640 1870 2678 esse,

232 2703 369 2746 officia
399 2703 633 2760 perturbari
666 2704 922 2760 honestaque
955 2717 1048 2746 cum
1083 2703 1276 2760 turpibus
1307 2703 1590 2745 commisceri:
1624 2703 1687 2744 καὶ
1718 2702 1789 2757 τὴν
1822 2704 1871 2744 εἶ-

230 2778 384 2820 ωθυῖαν
421 2778 580 2825 ἀξίωσιν
618 2782 696 2821 τῶν
734 2780 939 2833 ὀνομάτων
977 2779 1016 2824 ἐς
1053 2778 1102 2820 τὰ
1139 2777 1233 2834 ἔργα
1270 2778 1511 2833 ἀντήλλαξαν
1555 2780 1605 2832 τῇ
1653 2779 1868 2820 δικαιώσει.

229 2853 568 2911 Temperantiam
602 2869 676 2911 pro
708 2854 885 2898 mollitia
910 2854 1053 2897 haberi
1075 2854 1140 2908 (τὸ
1163 2858 1322 2910 σῶφρον
1346 2856 1413 2895 τοῦ
1437 2853 1627 2908 ἀνάνδρου
1651 2852 1868 2910 πρόσχημα

353 2995 391 3038 ¹⁷)
420 2996 460 3031 fr.
483 2996 665 3032 106—119
692 2995 758 3038 131„
785 2996 827 3031 fr.
845 2995 999 3030 45—48.
1026 2995 1083 3031 52.
1109 2994 1166 3030 55.
1194 2994 1249 3030 63.
1277 2994 1415 3030 67—71
1445 2994 1553 3029 Diels.
