2170 3412
1040 216 1326 258 -32-

363 330 692 387 interposuit⁷²).
754 335 884 382 Quem
919 332 952 371 si
974 330 1172 384 sequeris,
1196 329 1306 372 hunc
1328 330 1411 371 sere
1432 343 1601 372 sensum
1622 329 1659 372 ei
1682 329 1770 373 loco
1790 329 1995 372 subicient

363 404 554 448 ‘difficile
586 412 647 448 est
679 405 921 453 divortium,
969 404 1185 458 coniugem
1230 403 1444 446 inimicam
1482 405 1637 456 facere,
1675 418 1769 447 cum
1806 418 1897 447 eam
1935 404 2000 447 di-

362 481 551 535 gnaveris
582 488 623 523 et
659 481 710 523 ab
750 481 822 522 illa
859 479 1052 534 dignatus
1097 479 1154 521 sis
1185 479 1526 521 coniunctissima
1562 478 1784 521 concordia
1828 479 1998 522 vivere.'

364 557 470 598 Nam
502 557 620 610 φιλοι,
653 556 717 596 cui
751 555 1006 596 contrarium
1038 554 1190 609 ἐχθροί,
1223 554 1334 609 apud
1366 567 1475 602 eum,
1509 554 1579 609 qui
1613 553 1774 609 poetico
1809 567 2000 597 sermone

363 636 518 680 utatur,
553 644 655 672 uxor
687 643 775 671 esse
807 635 943 685 potest
971 629 1042 683 (cf.
1075 629 1225 671 Aesch.
1259 630 1335 683 Ag.
1371 629 1480 671 1236
1505 626 1607 684 Ἀρη
1639 629 1766 684 φίλοις
1805 628 1999 672 πνέουσαν

363 706 388 747 i.
423 720 457 747 e.
490 705 674 758 marito),
707 719 814 759 quae
847 703 1039 758 quamvis
1071 704 1206 746 invisa
1235 704 1290 745 sit
1320 704 1485 758 marito,
1517 710 1658 746 tamen
1691 703 1783 759 ipsa
1813 718 1897 747 non
1938 706 1999 747 in·

363 781 499 828 imica,
532 794 638 835 quae
670 780 741 821 fiet
772 779 964 821 divortio.
1026 778 1182 821 Dubito
1215 793 1266 821 an
1299 779 1467 822 haereat
1487 778 1645 834 aliquid
1666 779 1864 835 suspecti.
1914 778 1999 822 Sed

363 868 596 910 pergamus.
659 854 795 896 Etiam
827 854 862 895 si
900 853 1137 895 felicissime
1176 853 1373 906 evenerit,
1414 854 1601 896 miserias
1638 867 1720 896 non
1759 854 1903 896 deesse
1938 854 1999 896 af·

362 932 513 972 firmat.
573 929 744 971 Gaudiis
777 929 887 971 enim
919 942 1083 984 semper
1104 928 1307 971 finitimos
1339 942 1426 971 esse
1457 929 1635 971 dolores:
1667 929 1707 970 ἐν
1734 932 1792 985 τῷ
1814 929 1922 985 αὐτῷ
1954 928 2000 971 δέ

362 1020 405 1058 γε
435 1005 577 1060 τούτῳ,
609 1003 706 1046 ἔνθα
744 1005 787 1045 τὸ
825 1004 914 1059 ἡδύ,
952 1002 1075 1045 ἔνεστι
1115 1004 1277 1059 πλησίον
1317 1019 1391 1045 που
1431 1005 1494 1045 καὶ
1530 1005 1574 1046 τὸ
1612 1003 1807 1060 λυπηρόν·
1846 1005 1887 1047 αἱ
1922 1005 1998 1061 γὰρ

362 1081 498 1136 ἡδοναὶ
537 1079 608 1121 οὐκ
646 1079 710 1120 ἐπὶ
751 1082 861 1134 σφῶν
901 1078 1030 1120 αὐτῶν
1070 1078 1362 1134 ἐμπορεύονται,
1400 1077 1487 1120 ἀλλ’
1537 1079 1821 1121 ἀκολουθοῦσιν
1863 1078 1999 1126 αὐταῖς

361 1158 478 1197 λῦπαι
511 1156 575 1197 καὶ
607 1156 730 1197 πόνοι.
792 1155 1008 1196 Contraria
1038 1155 1148 1196 inter
1177 1168 1221 1196 se
1243 1154 1466 1196 coniuncta
1487 1167 1576 1197 esse
1597 1154 1740 1197 docuit
1761 1154 1997 1198 Heraclitus

360 1231 430 1286 (cf.
463 1232 511 1274 fr.
538 1231 650 1285 111).
714 1231 779 1272 Ab
812 1244 858 1272 eo
890 1234 1151 1285 repetuntur,
1183 1243 1291 1286 quae
1314 1229 1505 1272 Socrates
1542 1229 1654 1286 apud
1686 1229 1901 1272 Platonem
1938 1229 1999 1272 ei·

362 1306 518 1348 militer
534 1311 660 1362 atque
670 1305 887 1361 Antiphon
905 1305 955 1347 de
974 1305 1187 1361 voluptate
1205 1310 1247 1347 et
1260 1304 1400 1347 dolore
1415 1304 1590 1361 exponit
1603 1304 1778 1358 (Phaed.
1795 1304 1996 1360 60bsq.):

361 1384 414 1427 ὡς
446 1382 680 1436 θαυμασίως
710 1380 859 1436 πέφυκε
890 1380 965 1436 (sc.
998 1381 1041 1422 τὸ
1073 1381 1169 1436 ἡδύ)
1200 1381 1297 1436 πρὸς
1337 1382 1381 1421 τὸ
1421 1382 1559 1422 δοκοῦν
1597 1380 1767 1440 ἐναντίον
1804 1379 1916 1430 εἶναι,
1951 1381 1997 1422 τὸ

359 1456 530 1512 λυπηρόν
558 1459 638 1499 κτλ.
701 1455 734 1512 ᾦ
769 1455 814 1497 ἂν
845 1456 888 1497 τὸ
920 1455 1051 1511 ἕτερον
1083 1455 1358 1511 παραγένηται,
1391 1456 1655 1497 ἐπακολουθεῖ
1683 1455 1844 1510 ὕστερον
1865 1455 1931 1497 καὶ
1951 1455 1997 1497 τὸ

360 1532 505 1588 ἕτερον.
567 1533 655 1574 Hoc
686 1531 854 1587 quidem
886 1531 937 1572 ad
971 1545 1136 1572 omnem
1166 1530 1295 1573 vitam
1325 1531 1533 1586 pertinere
1554 1531 1769 1587 Antiphon
1790 1530 1996 1587 exemplis

359 1607 632 1657 demonstrat.
695 1606 840 1661 Neque
872 1606 984 1648 enim
1017 1606 1144 1647 ullam
1179 1605 1436 1662 voluptatem
1470 1613 1544 1648 aut
1576 1606 1773 1648 virtutem
1807 1605 1996 1648 homines

359 1682 448 1725 sine
480 1684 642 1737 magnis
673 1682 887 1724 laboribus
919 1696 967 1723 ac
999 1681 1202 1723 molestiis
1234 1681 1427 1737 adipisci:
1460 1683 1568 1736 τιμαὶ
1598 1681 1674 1737 γὰρ
1695 1683 1759 1723 καὶ
1775 1677 1906 1743 ἆθλα,
1938 1682 1998 1723 δε-

360 1758 481 1799 λέατα
512 1758 537 1799 ἂ
569 1759 590 1798 ὁ
622 1758 715 1802 θεὸς
756 1756 902 1798 ἔδωκεν
941 1757 1178 1812 ἀνθρώποις,
1218 1758 1396 1810 μεγάλων
1439 1756 1568 1798 πόνων
1611 1759 1675 1798 καὶ
1721 1758 1897 1812 ἱδρώτων
1942 1757 1999 1802 εἰς

362 1835 532 1888 ἀνάγκας
577 1834 820 1875 καθιστᾶσιν.
903 1832 1120 1874 Sententia
1168 1832 1219 1874 ab
1266 1832 1445 1874 Hesiodo
1492 1831 1661 1888 pendet,
1708 1832 1826 1874 cuius
1869 1832 1998 1875 verbs

359 1909 455 1964 (Op.
489 1908 572 1951 289
602 1908 702 1963 sq.):
735 1911 805 1962 τῆς
837 1906 868 1949 δ’
909 1908 1051 1963 ἀρετῆς
1082 1908 1228 1962 ἱδρῶτα
1259 1908 1344 1948 θεοὶ
1377 1908 1641 1963 προπάροιθεν
1669 1905 1832 1963 ἔθηκαν,
1869 1920 1998 1963 quam

361 1999 459 2026 vera
490 1990 638 2036 essent,
671 1997 764 2025 cum
798 1988 840 2024 et
872 1988 1016 2038 poetae
1049 1988 1090 2024 et
1121 1982 1357 2039 philosophi
1387 1983 1692 2038 intellegerent,
1722 1996 1845 2039 saepe
1874 1981 1927 2025 ad
1949 1996 2001 2025 ea

361 2060 640 2102 recurrebant.
702 2059 859 2100 Notum
899 2063 962 2100 est
993 2058 1231 2114 Epicharmi
1267 2057 1371 2100 illud
1410 2057 1479 2112 (fr.
1512 2057 1607 2112 36):
1646 2062 1724 2099 τῶν
1753 2058 1882 2100 πόνων
1918 2073 2000 2100 πω-

361 2137 491 2176 λοῦσιν
523 2135 616 2188 ἢμῖν
648 2134 774 2174 πάντα
805 2130 944 2187 τάγάθ’
982 2133 1019 2173 οἱ
1051 2132 1149 2173 θεοί.
1212 2132 1277 2174 Ab
1312 2132 1454 2174 eodem
1478 2131 1646 2174 Hesiodi
1678 2132 1767 2175 loco
1788 2132 1999 2188 profectus

360 2210 558 2252 Prodicus
588 2209 637 2250 de
669 2209 824 2251 virtute
856 2207 1062 2259 disseruit,
1103 2222 1199 2250 cum
1230 2207 1420 2250 Herculis
1452 2207 1642 2263 exemplo
1665 2221 1764 2250 usus
1785 2207 1903 2250 illam
1933 2207 1997 2249 fa-

361 2285 503 2327 bulam
534 2290 736 2327 narraret.
797 2283 856 2325 Cf.
888 2283 994 2325 Xen.
1027 2283 1150 2325 Mem.
1185 2283 1223 2324 ΙΙ
1256 2283 1371 2334 1,28;
1405 2286 1482 2324 τῶν
1504 2283 1576 2338 γὰρ
1598 2281 1719 2324 ὄντων
1741 2283 1902 2338 ἀγαθῶν
1930 2282 1996 2324 καὶ

360 2361 488 2400 καλῶν
521 2357 632 2399 οὐδὲν
654 2357 746 2399 ἄνευ
768 2358 890 2399 πόνου
913 2358 976 2398 καὶ
999 2357 1221 2409 ἐπιμελείας
1241 2357 1277 2398 οἱ
1301 2357 1385 2398 θεοὶ
1408 2356 1578 2398 διδόασιν
1601 2357 1826 2412 ἀνθρώποις
1847 2387 1996 2399 .....

360 2434 394 2474 εἰ
426 2434 469 2475 δὲ
498 2434 562 2475 καὶ
593 2435 652 2488 τῷ
685 2435 838 2487 σώματι
870 2433 999 2488 βούλει
1025 2433 1185 2477 δυνατὸς
1208 2431 1318 2484 εἶναι,
1350 2435 1398 2487 τῇ
1429 2434 1570 2487 γνώμῃ
1593 2432 1798 2488 ὑπηρετεῖν
1820 2430 1997 2474 ἐθιστέον

360 2508 403 2548 τὸ
438 2510 554 2560 σῶμα
583 2508 647 2548 καὶ
678 2507 917 2562 γυμναστέον
949 2507 1018 2548 σὺν
1050 2508 1181 2552 πόνοις
1211 2507 1273 2548 καὶ
1306 2507 1453 2562 ἱδρῶτι.
1515 2506 1652 2548 Velim
1686 2505 1997 2548 animadvertas

360 2583 664 2639 Antiphontem
696 2597 779 2625 non
813 2570 909 2624 deos
940 2582 1091 2634 dicere,
1122 2582 1194 2624 sed
1226 2581 1364 2624 deum.
1427 2582 1532 2623 Item
1565 2582 1678 2624 infr.
1700 2581 1775 2623 54:
1808 2580 1901 2622 ὅταν
1921 2579 1997 2636 γὰρ

361 2657 381 2697 ὃ
414 2656 505 2701 θεὸς
538 2657 591 2711 μὴ
625 2659 825 2702 παντελῶς
856 2657 1043 2712 βούληται
1064 2655 1196 2710 ἀγαθὰ
1218 2657 1364 2697 διδόναι
1386 2656 1496 2710 ἀνδρί
1514 2657 1596 2696 κτλ.
1656 2655 1719 2697 De
1749 2654 1825 2697 deo
1854 2659 1995 2697 autem

362 2731 462 2786 quid
493 2732 681 2785 senserit,
713 2747 764 2774 ex
794 2733 843 2775 fr.
879 2732 932 2774 10
963 2732 1059 2774 libri
1077 2727 1286 2786 Ἀληθείας
1315 2730 1589 2786 intellegitur:
1629 2730 1692 2771 διὰ
1732 2733 1845 2772 τοῦτο
1887 2729 1997 2771 οὐδε-

361 2806 426 2850 νὸς
455 2806 575 2847 δεῖται
607 2806 699 2847 οὐδὲ
730 2806 990 2862 προσδέχεται
1021 2805 1178 2851 οὐδενός
1199 2821 1248 2859 τι,
1271 2803 1352 2847 ἀλλ’
1381 2805 1539 2860 ἄπειρος
1560 2805 1625 2846 καὶ
1647 2803 1824 2859 ἀὸέητος.
1883 2802 1999 2846 Deos

482 2957 522 2999 72)
548 2958 589 2992 In
616 2957 728 2992 altera
752 2957 837 2992 edit.
863 2957 1023 2993 codicum
1050 2957 1233 2992 lectionem
1252 2957 1417 3000 servavit,
1443 2956 1562 3003 φίλους
1587 2956 1633 2991 ad
1658 2956 1827 3001 coniuges
1844 2954 1996 2990 rettulit.
