2170 3412
894 257 1176 300 ,61-

217 375 398 415 utuntur
426 371 593 425 Herod„
624 371 761 426 Gorg„
792 372 951 414 Auctor
982 371 1099 428 Reip.
1132 372 1301 425 Athen„
1331 372 1417 424 Ar„
1450 371 1527 426 Pl.,
1559 384 1642 414 non
1674 376 1851 414 utuntur

219 447 363 500 Thac„
395 449 494 489 Ant.
526 446 622 499 Rh.;
654 445 750 501 φέρε
780 446 945 502 saepius
975 452 1103 502 tragg.

338 522 522 565 Maxime
559 521 756 564 notabilis
790 521 836 564 in
865 521 1141 577 Antiphontis
1177 521 1360 564 dictione
1397 526 1457 564 est
1492 520 1703 564 iteratio
1739 534 1848 563 ver-

221 597 405 639 borum.
458 596 615 640 Notum
645 602 708 639 est
737 596 932 652 antiquos
961 596 1182 652 scriptores
1212 597 1374 639 incuria
1404 596 1584 652 quadam
1617 602 1658 638 et
1688 596 1849 652 simpli·

218 671 345 714 citate
374 671 502 714 verba
530 670 717 722 iterasse,
748 670 791 713 id
822 670 933 726 quod
956 671 1205 726 posteriores
1226 671 1323 714 inde
1344 671 1396 713 ab
1419 671 1600 714 Isocrate
1620 670 1847 726 fugiebant.

217 745 297 788 Sed
343 746 519 789 interest
563 745 674 788 inter
718 759 810 788 eam
856 745 1078 807 verborum
1126 745 1404 797 iterationem,
1452 759 1557 801 quae
1594 750 1760 788 tantum
1796 745 1848 787 ad

216 820 541 864 continuandam
573 820 804 863 orationem
837 820 1057 876 pertineat,
1090 826 1131 862 et
1152 834 1257 874 eam,
1291 836 1375 877 qua
1402 821 1464 863 vis
1486 821 1690 876 quaedam
1712 820 1850 863 verbis

215 895 378 939 iteratis
414 894 681 950 accedat¹¹⁵).
742 895 862 938 Hanc
891 895 1003 937 enim
1036 895 1162 938 etiam
1196 897 1474 939 recentiorum
1505 902 1715 939 oratorum
1747 910 1848 938 non·

215 970 322 1013 nulli
353 969 621 1019 adhibebant,
654 975 700 1012 ut
726 969 1042 1024 Demosthenes,
1075 984 1110 1013 e.
1132 984 1169 1025 g.
1202 970 1253 1012 de
1285 984 1366 1013 cor.
1391 972 1443 1014 13
1465 971 1510 1013 οὐ
1530 971 1602 1027 γὰρ
1627 1004 1636 1014 .
1659 1002 1669 1013 .
1691 970 1849 1013 δύναται

214 1047 369 1087 διώκειν
407 1043 455 1087 δι’
484 1044 570 1100 ἐμέ,
609 1044 681 1099 ἐμὲ
717 1046 761 1087 δὲ
782 1077 793 1088 .
817 1077 827 1089 .
851 1078 860 1087 .
882 1045 955 1087 οὐκ
993 1044 1039 1086 ἂν
1077 1045 1286 1101 ἐγράψατο,
1325 1060 1449 1101 quam
1490 1047 1665 1101 figuram
1701 1046 1846 1088 ἐπανα-

215 1121 387 1176 στροφήν
418 1119 645 1177 appellant.
697 1120 912 1163 Pathetica
941 1126 1007 1162 est
1036 1120 1134 1163 talis
1165 1121 1345 1173 iteratio,
1378 1121 1544 1175 qualem
1575 1122 1619 1163 in
1642 1121 1849 1164 Aeschine

216 1194 519 1238 Demosthenes
549 1201 669 1238 notat
699 1195 749 1237 de
781 1210 862 1238 cor.
883 1195 958 1238 35:
990 1195 1036 1238 οὐ
1066 1196 1140 1251 γὰρ
1171 1195 1219 1237 τὰ
1241 1196 1396 1251 ῥήματα
1419 1197 1487 1241 τὰς
1507 1194 1748 1251 οἰκειότητας
1770 1194 1847 1251 ἔφη

214 1271 409 1327 βεβαιοῦν,
442 1272 547 1323 μα’λα
577 1274 731 1325 σεμνῶς
762 1271 982 1325 ὀνομάζων,
1012 1271 1112 1313 ἀλλὰ
1143 1273 1187 1313 τὸ
1209 1271 1331 1313 ταύτὰ
1353 1271 1575 1326 συμφέρειν.
1638 1270 1848 1327 συμφέρειν

213 1346 257 1388 δὲ
287 1346 475 1401 Φιλίππῳ
504 1348 587 1388 κτλ.
620 1369 674 1377 ·-
714 1346 834 1389 Illius
865 1353 1006 1389 autem
1038 1347 1309 1402 antiquorum
1340 1347 1624 1403 simplicitatis
1656 1346 1847 1403 exempla

213 1421 396 1464 maxime
427 1420 470 1464 in
501 1420 739 1463 fabularum
769 1422 1078 1465 narrationibus
1113 1421 1399 1477 inveniuntur,
1439 1429 1487 1464 ut
1524 1422 1567 1464 in
1599 1421 1848 1477 Pherecydis

213 1497 265 1539 fr.
289 1498 311 1539 1
343 1495 625 1551 (Vorsok.²11
650 1499 669 1539 1
709 1511 748 1553 p.
771 1498 896 1552 500:
930 1530 939 1540 .
963 1530 973 1540 .
1004 1500 1070 1540 καὶ
1107 1496 1276 1553 Χθονίη.
1338 1496 1496 1553 Χθονίῃ
1533 1498 1577 1539 δὲ
1605 1500 1687 1539 κτλ.
1749 1498 1798 1539 fr.
1820 1497 1846 1539 2

213 1571 298 1614 ἐπεὶ
337 1573 380 1614 δὲ
418 1575 538 1614 ταῦτα
569 1572 794 1618 ἐξετέλεσαν
825 1574 951 1615 πάντα
988 1605 998 1616 .
1020 1604 1030 1615 .
1053 1604 1064 1614 .
1088 1606 1097 1615 .
1135 1574 1199 1615 καὶ
1229 1572 1365 1626 τᾶλλα,
1396 1572 1471 1615 ὅσα
1501 1574 1563 1615 δεῖ
1591 1575 1730 1621 πάντα,
1761 1572 1847 1614 ἐπεὶ

213 1647 264 1702 δὴ
286 1647 411 1689 πάντα
442 1647 579 1701 ἑτοῖμα
609 1647 774 1703 γίγνεται
796 1650 878 1690 κτλ.
930 1648 1012 1691 Ter
1042 1649 1085 1691 in
1116 1648 1193 1692 hoc
1224 1649 1456 1704 fragmento
1487 1649 1692 1704 repetitur
1722 1649 1848 1689 πάντα

213 1727 256 1764 et
285 1725 422 1773 ποιεῖν,
453 1729 602 1779 quater
630 1723 840 1778 γίγνεσθαι.
863 1747 919 1755 -
940 1724 1161 1767 Praeterea
1192 1724 1302 1780 apud
1334 1724 1487 1766 Herod.
1510 1724 1529 1766 1
1550 1724 1607 1766 24
1629 1756 1639 1765 .
1663 1756 1673 1766 .
1704 1724 1846 1765 ἀεῖσαι.

215 1797 348 1844 ἀείσας
377 1797 421 1840 δέ
450 1801 547 1847 κτλ.,
579 1799 629 1842 cf.
653 1798 733 1842 18.
759 1799 826 1841 12.
858 1824 914 1829 -
934 1801 1140 1842 Accurate
1171 1799 1489 1855 diligenterque,
1521 1813 1572 1842 ne
1604 1799 1704 1854 quid
1736 1799 1846 1841 male

216 1873 497 1928 intellegatur,
527 1874 572 1916 in
603 1874 753 1917 litteris
776 1874 954 1931 publicis
975 1876 1145 1918 eaedem
1166 1875 1371 1918 formulae
1392 1875 1609 1927 iterantur,
1643 1875 1693 1916 cf.
1715 1874 1749 1916 Τ
1753 1874 1845 1917 huc.

219 1947 252 1988 V
273 1948 342 1991 23.
381 1973 430 1979 —-
451 1949 656 1992 Similiter
686 1950 922 2007 philosophi
953 1951 1080 1993 verba
1109 1956 1296 2007 repetere
1326 1951 1475 2002 solent,
1514 1956 1562 1993 ut
1591 1950 1845 1992 sententiam

214 2037 341 2079 quam
373 2024 603 2067 clarissime
634 2025 860 2081 explanent
889 2040 938 2068 ac
968 2025 1268 2080 demonstrent,
1302 2031 1348 2068 ut
1370 2025 1561 2068 Melissus
1591 2026 1634 2067 in
1661 2026 1710 2067 fr.
1733 2025 1758 2067 ‘2
1781 2024 1847 2067 ὅτε

215 2099 340 2141 τοίνυν
377 2099 448 2141 οὐκ
485 2099 652 2155 ἐγένετο,
685 2099 766 2143 ἔστι
803 2116 845 2141 τε
881 2102 946 2142 καὶ
982 2101 1044 2142 ἀεὶ
1081 2101 1130 2158 ἦν
1168 2102 1231 2143 καὶ
1269 2102 1331 2143 ἀεὶ
1362 2099 1482 2151 ἔσται,
1522 2101 1585 2142 καὶ
1617 2101 1745 2156 ἀρχὴν
1776 2101 1848 2143 οὐκ

214 2172 301 2230 ἔχει
338 2174 430 2216 οὐδὲ
467 2177 651 2231 τελευτήν
675 2209 684 2218 .
707 2207 718 2217 .
742 2208 750 2217 .
777 2206 787 2217 .
817 2176 852 2218 εἰ
889 2178 960 2231 μὲν
996 2177 1070 2231 γὰρ
1107 2176 1279 2230 ἐγένετο,
1317 2177 1446 2233 ἀρχὴν
1485 2176 1530 2218 ἂν
1568 2175 1674 2232 εἶχεν
1706 2209 1714 2219 .
1744 2209 1753 2218 .
1783 2177 1846 2218 καὶ

214 2250 396 2305 τελευτήν
419 2283 428 2292 .
452 2282 461 2292 .
488 2283 498 2292 .
521 2251 557 2292 εἰ
593 2251 637 2293 δὲ
676 2251 776 2306 μηδὲ
814 2250 957 2307 ἤρξατο
994 2251 1095 2306 μήτε
1131 2252 1381 2308 ἐτελεύτησεν
1418 2252 1482 2293 ἀεί
1517 2267 1559 2293 τε
1596 2250 1645 2307 ἦν
1682 2253 1747 2294 καὶ
1785 2252 1846 2294 ἀεὶ

215 2323 344 2375 ἔσται,
390 2325 461 2368 οὐκ
503 2324 589 2381 ἔχει
633 2326 762 2383 ἀρχὴν
808 2326 901 2368 οὐδὲ
945 2328 1142 2382 τελευτήν.
1189 2351 1244 2357 -
1290 2328 1560 2382 Anaxagoras
1605 2327 1648 2369 in
1694 2328 1743 2369 fr.
1773 2328 1845 2370 1⁶2:

215 2400 419 2455 μέμεικται
455 2401 581 2443 οὐδενὶ
620 2403 810 2458 χρήματι,
848 2402 948 2443 ἀλλὰ
987 2401 1104 2456 μόνος
1140 2400 1203 2457 ἐφ’
1249 2403 1389 2444 ἑαυτοῦ
1427 2403 1543 2444 ἐστιν.
1609 2403 1645 2444 εἰ
1682 2403 1737 2457 μὴ
1774 2402 1846 2458 γὰρ

215 2472 282 2531 ἐφ’
313 2476 455 2518 ἑαυτοῦ
494 2475 557 2531 ἦν,
595 2477 697 2519 ἀλλά
733 2493 811 2533 τεῳ
849 2477 1058 2532 ἐμέμεικτο
1089 2477 1199 2534 ἄλλῳ
1230 2477 1410 2532 κτλ.““).
1478 2477 1525 2519 In
1564 2477 1612 2519 fr.
1636 2477 1661 2519 9
1699 2484 1848 2533 quater

216 2551 394 2593 occurrit
429 2551 616 2608 ταχύτης,
655 2553 703 2594 fr.
729 2552 782 2594 13
814 2558 963 2608 quater
999 2556 1130 2601 κινεῖν,
1172 2561 1236 2595 ter
1271 2553 1534 2608 διακρίνεσθαι
1565 2558 1641 2594 etc.
1703 2552 1847 2608 Neque

215 2625 341 2668 aliter
360 2626 577 2683 Antiphon
611 2627 783 2669 verbum
817 2633 1003 2683 repetere
1033 2627 1151 2682 solet,
1185 2628 1348 2670 etiamsi
1380 2628 1489 2670 idem
1522 2627 1757 2680 antecessit,
1788 2628 1849 2670 ita

214 2707 263 2744 ut
299 2701 407 2744 inter
444 2715 487 2744 se
524 2702 607 2745 sint
650 2702 866 2744 continua:
906 2703 953 2744 fr.
980 2702 1035 2745 58
1071 2702 1176 2748 ὅστις
1212 2703 1256 2745 δὲ
1277 2735 1287 2745 .
1310 2735 1319 2744 .
1344 2703 1531 2755 δειμαίνει
1554 2736 1563 2745 .
1588 2735 1597 2744 .
1621 2733 1631 2744 .
1655 2703 1849 2759 σωφρονέ·

215 2789 361 2832 στερος.
421 2776 461 2819 ἑν
498 2774 532 2832 ᾦ
570 2776 643 2832 γὰρ
683 2777 882 2830 δειμαίνει,
923 2777 1074 2831 μέλλει·
1115 2779 1154 2820 ἐν
1187 2775 1220 2834 ᾧ
1253 2778 1296 2820 δὲ
1329 2777 1460 2833 μέλλει
1490 2779 1572 2820 κτλ.
1596 2810 1605 2820 .
1629 2778 1846 2824 ..ἐλπίδες

338 2925 393 2969 11·”)
420 2926 463 2960 cf.
491 2925 612 2969 Lehrs,
639 2927 747 2962 Arist.
776 2926 790 2948 ²
814 2938 848 2972 p.
866 2927 947 2961 470.

337 2987 390 3029 ¹¹⁶)
418 2987 463 3022 cf.
491 2987 599 3031 Diels,
627 2987 857 3023 Parmenides
885 2999 917 3033 p.
939 2989 994 3022 23.
