<?xml version="1.0" encoding="UTF-8"?>
<!DOCTYPE html PUBLIC "-//W3C//DTD XHTML 1.0 Transitional//EN"
    "http://www.w3.org/TR/xhtml1/DTD/xhtml1-transitional.dtd">
<html xmlns="http://www.w3.org/1999/xhtml" xml:lang="en" lang="en">
 <head>
  <title>
</title>
<meta http-equiv="Content-Type" content="text/html;charset=utf-8" />
  <meta name='ocr-system' content='tesseract 3.04.00' />
  <meta name='ocr-capabilities' content='ocr_page ocr_carea ocr_par ocr_line ocrx_word'/>
</head>
<body>
  <div class='ocr_page' id='page_1' title='image "./deantiphontissop00jacouoft_0045.png"; bbox 0 0 2170 3412; ppageno 0'>
   <div class='ocr_carea' id='block_1_1' title="bbox 0 0 61 1384">
    <p class='ocr_par' dir='ltr' id='par_1_1' title="bbox 0 0 61 1384">
     <span class='ocr_line' id='line_1_1' title="bbox 0 0 61 1384; baseline 0 0"><span class='ocrx_word' id='word_1_1' title='bbox 0 0 61 1384; x_wconf 95' lang='lat' dir='ltr'> </span> 
     </span>
    </p>
   </div>
   <div class='ocr_carea' id='block_1_2' title="bbox 886 213 1170 255">
    <p class='ocr_par' dir='ltr' id='par_1_2' title="bbox 886 213 1170 255">
     <span class='ocr_line' id='line_1_2' title="bbox 886 213 1170 255; baseline 0 -11"><span class='ocrx_word' id='word_1_2' title='bbox 886 213 1170 255; x_wconf 71' lang='lat'>—41-</span> 
     </span>
    </p>
   </div>
   <div class='ocr_carea' id='block_1_3' title="bbox 210 325 1852 2792">
    <p class='ocr_par' dir='ltr' id='par_1_3' title="bbox 210 325 1848 1286">
     <span class='ocr_line' id='line_1_3' title="bbox 210 325 1844 385; baseline -0.006 -12"><span class='ocrx_word' id='word_1_3' title='bbox 210 330 371 373; x_wconf 81' lang='lat' dir='ltr'>malum</span> <span class='ocrx_word' id='word_1_4' title='bbox 408 330 515 372; x_wconf 91' lang='lat' dir='ltr'>bono</span> <span class='ocrx_word' id='word_1_5' title='bbox 552 330 752 385; x_wconf 80' lang='lat' dir='ltr'>praefert:</span> <span class='ocrx_word' id='word_1_6' title='bbox 791 327 834 373; x_wconf 85' lang='grc' dir='ltr'>ὃς</span> <span class='ocrx_word' id='word_1_7' title='bbox 864 328 907 369; x_wconf 75' lang='grc' dir='ltr'>δὲ</span> <span class='ocrx_word' id='word_1_8' title='bbox 937 326 1046 369; x_wconf 79' lang='grc' dir='ltr'><strong>θέλει</strong></span> <span class='ocrx_word' id='word_1_9' title='bbox 1075 325 1317 382; x_wconf 85' lang='grc' dir='ltr'><strong>χαρίσασθαι</strong></span> <span class='ocrx_word' id='word_1_10' title='bbox 1346 329 1403 381; x_wconf 80' lang='grc' dir='ltr'>τῷ</span> <span class='ocrx_word' id='word_1_11' title='bbox 1436 325 1553 379; x_wconf 78' lang='grc' dir='ltr'><strong>θυμῷ</strong></span> <span class='ocrx_word' id='word_1_12' title='bbox 1586 325 1844 379; x_wconf 81' lang='grc' dir='ltr'><strong>παραχρῆμα,</strong></span> 
     </span>
     <span class='ocr_line' id='line_1_4' title="bbox 212 399 1846 455; baseline -0.005 -8"><span class='ocrx_word' id='word_1_13' title='bbox 212 405 320 447; x_wconf 79' lang='grc' dir='ltr'><strong>θέλει</strong></span> <span class='ocrx_word' id='word_1_14' title='bbox 364 404 412 446; x_wconf 77' lang='grc' dir='ltr'>τὰ</span> <span class='ocrx_word' id='word_1_15' title='bbox 458 405 582 446; x_wconf 90' lang='grc' dir='ltr'><strong>κακίω</strong></span> <span class='ocrx_word' id='word_1_16' title='bbox 626 405 711 446; x_wconf 82' lang='grc' dir='ltr'><strong>ἀντὶ</strong></span> <span class='ocrx_word' id='word_1_17' title='bbox 755 406 833 445; x_wconf 86' lang='grc' dir='ltr'><strong>τῶν</strong></span> <span class='ocrx_word' id='word_1_18' title='bbox 877 401 1104 455; x_wconf 79' lang='grc' dir='ltr'><strong>ἀμεινόνων.</strong></span> <span class='ocrx_word' id='word_1_19' title='bbox 1165 401 1234 444; x_wconf 89' lang='lat' dir='ltr'>Sic</span> <span class='ocrx_word' id='word_1_20' title='bbox 1271 401 1348 443; x_wconf 85' lang='lat' dir='ltr'>hae</span> <span class='ocrx_word' id='word_1_21' title='bbox 1384 399 1619 442; x_wconf 88' lang='lat' dir='ltr'>sententiae</span> <span class='ocrx_word' id='word_1_22' title='bbox 1657 399 1767 441; x_wconf 89' lang='lat' dir='ltr'>inter</span> <span class='ocrx_word' id='word_1_23' title='bbox 1802 412 1846 440; x_wconf 87' lang='lat' dir='ltr'>se</span> 
     </span>
     <span class='ocr_line' id='line_1_5' title="bbox 211 474 1846 531; baseline -0.006 -8"><span class='ocrx_word' id='word_1_24' title='bbox 211 480 429 523; x_wconf 83' lang='lat' dir='ltr'>cohaerere</span> <span class='ocrx_word' id='word_1_25' title='bbox 475 480 579 523; x_wconf 90' lang='lat' dir='ltr'>mihi</span> <span class='ocrx_word' id='word_1_26' title='bbox 623 479 829 522; x_wconf 87' lang='lat' dir='ltr'>videntur.</span> <span class='ocrx_word' id='word_1_27' title='bbox 899 477 1107 520; x_wconf 86' lang='lat' dir='ltr'><strong>Nimirum</strong></span> <span class='ocrx_word' id='word_1_28' title='bbox 1152 476 1354 531; x_wconf 83' lang='lat' dir='ltr'>gloriatur</span> <span class='ocrx_word' id='word_1_29' title='bbox 1390 474 1605 530; x_wconf 86' lang='lat' dir='ltr'>Antiphon</span> <span class='ocrx_word' id='word_1_30' title='bbox 1649 478 1759 516; x_wconf 89' lang='lat' dir='ltr'>recte</span> <span class='ocrx_word' id='word_1_31' title='bbox 1802 487 1846 515; x_wconf 89' lang='lat' dir='ltr'>se</span> 
     </span>
     <span class='ocr_line' id='line_1_6' title="bbox 212 549 1845 612; baseline -0.006 -14"><span class='ocrx_word' id='word_1_32' title='bbox 212 555 385 598; x_wconf 84' lang='lat' dir='ltr'>definire</span> <span class='ocrx_word' id='word_1_33' title='bbox 422 555 764 612; x_wconf 82' lang='lat' dir='ltr'>temperantiam,</span> <span class='ocrx_word' id='word_1_34' title='bbox 804 559 852 596; x_wconf 85' lang='lat' dir='ltr'>ut</span> <span class='ocrx_word' id='word_1_35' title='bbox 890 552 1078 608; x_wconf 84' lang='lat' dir='ltr'>aequalis</span> <span class='ocrx_word' id='word_1_36' title='bbox 1107 557 1170 595; x_wconf 87' lang='lat' dir='ltr'>est</span> <span class='ocrx_word' id='word_1_37' title='bbox 1200 550 1382 603; x_wconf 80' lang='lat' dir='ltr'>Prodici,</span> <span class='ocrx_word' id='word_1_38' title='bbox 1421 550 1493 606; x_wconf 90' lang='lat' dir='ltr'>qui</span> <span class='ocrx_word' id='word_1_39' title='bbox 1523 550 1610 604; x_wconf 84' lang='grc' dir='ltr'><strong>περὶ</strong></span> <span class='ocrx_word' id='word_1_40' title='bbox 1642 549 1845 603; x_wconf 73' lang='grc' dir='ltr'><strong>ὀνομάτων</strong></span> 
     </span>
     <span class='ocr_line' id='line_1_7' title="bbox 213 623 1847 685; baseline -0.005 -13"><span class='ocrx_word' id='word_1_41' title='bbox 213 631 426 685; x_wconf 77' lang='grc' dir='ltr'><strong>ὀρθότητος</strong></span> <span class='ocrx_word' id='word_1_42' title='bbox 457 630 600 672; x_wconf 87' lang='lat' dir='ltr'>docuit</span> <span class='ocrx_word' id='word_1_43' title='bbox 628 629 710 684; x_wconf 83' lang='lat' dir='ltr'><strong>(Pl.</strong></span> <span class='ocrx_word' id='word_1_44' title='bbox 734 628 886 684; x_wconf 82' lang='lat' dir='ltr'>Cratyl.</span> <span class='ocrx_word' id='word_1_45' title='bbox 909 627 1064 682; x_wconf 71' lang='lat' dir='ltr'>384b).</span> <span class='ocrx_word' id='word_1_46' title='bbox 1111 626 1259 683; x_wconf 85' lang='lat' dir='ltr'>Neque</span> <span class='ocrx_word' id='word_1_47' title='bbox 1288 625 1411 668; x_wconf 82' lang='lat' dir='ltr'>aliter</span> <span class='ocrx_word' id='word_1_48' title='bbox 1441 624 1636 679; x_wconf 81' lang='lat' dir='ltr'><strong>Agathou</strong></span> <span class='ocrx_word' id='word_1_49' title='bbox 1667 624 1709 666; x_wconf 92' lang='lat' dir='ltr'>in</span> <span class='ocrx_word' id='word_1_50' title='bbox 1742 623 1847 665; x_wconf 92' lang='lat' dir='ltr'>Con-</span> 
     </span>
     <span class='ocr_line' id='line_1_8' title="bbox 212 698 1844 760; baseline -0.006 -12"><span class='ocrx_word' id='word_1_51' title='bbox 212 706 325 748; x_wconf 81' lang='lat' dir='ltr'>vivio</span> <span class='ocrx_word' id='word_1_52' title='bbox 354 705 515 760; x_wconf 80' lang='lat' dir='ltr'>(196b)</span> <span class='ocrx_word' id='word_1_53' title='bbox 541 703 863 760; x_wconf 82' lang='lat' dir='ltr'>temperantiam</span> <span class='ocrx_word' id='word_1_54' title='bbox 885 703 1097 745; x_wconf 79' lang='lat' dir='ltr'>definivit:</span> <span class='ocrx_word' id='word_1_55' title='bbox 1128 701 1225 743; x_wconf 80' lang='grc' dir='ltr'><strong>εἶναι</strong></span> <span class='ocrx_word' id='word_1_56' title='bbox 1245 701 1319 756; x_wconf 76' lang='grc' dir='ltr'>γὰρ</span> <span class='ocrx_word' id='word_1_57' title='bbox 1341 700 1589 754; x_wconf 77' lang='grc' dir='ltr'>ὁμολογεῖται</span> <span class='ocrx_word' id='word_1_58' title='bbox 1611 698 1844 753; x_wconf 79' lang='grc' dir='ltr'><strong>σωφροσύνη</strong></span> 
     </span>
     <span class='ocr_line' id='line_1_9' title="bbox 212 774 1847 836; baseline -0.004 -14"><span class='ocrx_word' id='word_1_59' title='bbox 212 782 256 822; x_wconf 85' lang='grc' dir='ltr'>τὸ</span> <span class='ocrx_word' id='word_1_60' title='bbox 294 784 445 836; x_wconf 79' lang='grc' dir='ltr'><strong>κρατεῖν</strong></span> <span class='ocrx_word' id='word_1_61' title='bbox 485 781 639 835; x_wconf 78' lang='grc' dir='ltr'><strong>ἡδονῶν</strong></span> <span class='ocrx_word' id='word_1_62' title='bbox 677 781 740 820; x_wconf 83' lang='grc' dir='ltr'>καὶ</span> <span class='ocrx_word' id='word_1_63' title='bbox 777 779 1008 830; x_wconf 79' lang='grc' dir='ltr'><strong>ἐπιθυμιῶν.</strong></span> <span class='ocrx_word' id='word_1_64' title='bbox 1071 777 1175 820; x_wconf 93' lang='lat' dir='ltr'>Cum</span> <span class='ocrx_word' id='word_1_65' title='bbox 1213 791 1281 829; x_wconf 89' lang='lat' dir='ltr'>eo,</span> <span class='ocrx_word' id='word_1_66' title='bbox 1321 775 1430 831; x_wconf 89' lang='lat' dir='ltr'>quod</span> <span class='ocrx_word' id='word_1_67' title='bbox 1467 775 1670 830; x_wconf 82' lang='lat' dir='ltr'>sequitur,</span> <span class='ocrx_word' id='word_1_68' title='bbox 1708 774 1847 816; x_wconf 85' lang='lat' dir='ltr'>confe-</span> 
     </span>
     <span class='ocr_line' id='line_1_10' title="bbox 214 848 1848 908; baseline -0.005 -11"><span class='ocrx_word' id='word_1_69' title='bbox 214 856 390 897; x_wconf 86' lang='lat' dir='ltr'>rendum</span> <span class='ocrx_word' id='word_1_70' title='bbox 421 861 484 897; x_wconf 87' lang='lat' dir='ltr'>est</span> <span class='ocrx_word' id='word_1_71' title='bbox 515 853 743 896; x_wconf 81' lang='lat' dir='ltr'>Democriti</span> <span class='ocrx_word' id='word_1_72' title='bbox 773 854 822 894; x_wconf 84' lang='lat' dir='ltr'>fr.</span> <span class='ocrx_word' id='word_1_73' title='bbox 845 853 948 895; x_wconf 76' lang='lat'><strong>236:</strong></span> <span class='ocrx_word' id='word_1_74' title='bbox 992 853 1112 908; x_wconf 83' lang='grc' dir='ltr'><strong>θυμῷ</strong></span> <span class='ocrx_word' id='word_1_75' title='bbox 1143 852 1344 907; x_wconf 79' lang='grc' dir='ltr'><strong>μάχεσθαι</strong></span> <span class='ocrx_word' id='word_1_76' title='bbox 1376 850 1446 905; x_wconf 79' lang='grc' dir='ltr'><strong>μὲν</strong></span> <span class='ocrx_word' id='word_1_77' title='bbox 1477 848 1669 905; x_wconf 85' lang='grc' dir='ltr'><strong>χαλεπόν·</strong></span> <span class='ocrx_word' id='word_1_78' title='bbox 1708 848 1848 903; x_wconf 81' lang='grc' dir='ltr'><strong>ἀνδρὸς</strong></span> 
     </span>
     <span class='ocr_line' id='line_1_11' title="bbox 213 924 1847 985; baseline -0.004 -13"><span class='ocrx_word' id='word_1_79' title='bbox 213 931 257 972; x_wconf 81' lang='grc' dir='ltr'>δὲ</span> <span class='ocrx_word' id='word_1_80' title='bbox 287 931 331 972; x_wconf 80' lang='grc' dir='ltr'>τὸ</span> <span class='ocrx_word' id='word_1_81' title='bbox 361 930 532 985; x_wconf 76' lang='grc' dir='ltr'><strong>κρατέειν</strong></span> <span class='ocrx_word' id='word_1_82' title='bbox 564 929 788 983; x_wconf 77' lang='grc' dir='ltr'><strong>εὐλογίαι-ου</strong></span> <span class='ocrx_word' id='word_1_83' title='bbox 818 929 891 982; x_wconf 85' lang='lat' dir='ltr'>(cf.</span> <span class='ocrx_word' id='word_1_84' title='bbox 923 929 970 970; x_wconf 83' lang='lat' dir='ltr'>fr.</span> <span class='ocrx_word' id='word_1_85' title='bbox 994 927 1111 982; x_wconf 78' lang='lat'>214).</span> <span class='ocrx_word' id='word_1_86' title='bbox 1171 926 1338 968; x_wconf 86' lang='lat' dir='ltr'>Etenim</span> <span class='ocrx_word' id='word_1_87' title='bbox 1367 925 1641 967; x_wconf 86' lang='lat' dir='ltr'>stultissimus</span> <span class='ocrx_word' id='word_1_88' title='bbox 1672 924 1847 979; x_wconf 90' lang='lat' dir='ltr'>quisque</span> 
     </span>
     <span class='ocr_line' id='line_1_12' title="bbox 212 999 1846 1060; baseline -0.005 -12"><span class='ocrx_word' id='word_1_89' title='bbox 212 1005 370 1048; x_wconf 78' lang='lat' dir='ltr'>malum</span> <span class='ocrx_word' id='word_1_90' title='bbox 413 1005 519 1047; x_wconf 91' lang='lat' dir='ltr'>bono</span> <span class='ocrx_word' id='word_1_91' title='bbox 557 1005 759 1060; x_wconf 82' lang='lat' dir='ltr'>praefert,</span> <span class='ocrx_word' id='word_1_92' title='bbox 805 1011 852 1046; x_wconf 92' lang='lat' dir='ltr'>ut</span> <span class='ocrx_word' id='word_1_93' title='bbox 895 1011 958 1045; x_wconf 86' lang='lat' dir='ltr'>est</span> <span class='ocrx_word' id='word_1_94' title='bbox 994 1004 1036 1045; x_wconf 88' lang='lat' dir='ltr'>in</span> <span class='ocrx_word' id='word_1_95' title='bbox 1075 1002 1247 1057; x_wconf 86' lang='lat' dir='ltr'>antiquo</span> <span class='ocrx_word' id='word_1_96' title='bbox 1285 1014 1428 1053; x_wconf 86' lang='lat' dir='ltr'>versu,</span> <span class='ocrx_word' id='word_1_97' title='bbox 1474 1000 1593 1043; x_wconf 79' lang='lat' dir='ltr'>cuius</span> <span class='ocrx_word' id='word_1_98' title='bbox 1631 999 1846 1055; x_wconf 82' lang='lat' dir='ltr'>Antiphon</span> 
     </span>
     <span class='ocr_line' id='line_1_13' title="bbox 213 1076 1848 1135; baseline -0.005 -11"><span class='ocrx_word' id='word_1_99' title='bbox 213 1082 426 1125; x_wconf 80' lang='lat' dir='ltr'>meminit:</span> <span class='ocrx_word' id='word_1_100' title='bbox 457 1080 571 1123; x_wconf 64' lang='grc' dir='ltr'>ζοὐδὲ</span> <span class='ocrx_word' id='word_1_101' title='bbox 601 1080 739 1135; x_wconf 73' lang='grc' dir='ltr'><strong>γυνή’,</strong></span> <span class='ocrx_word' id='word_1_102' title='bbox 770 1080 905 1135; x_wconf 78' lang='grc' dir='ltr'><strong>φασίν,</strong></span> <span class='ocrx_word' id='word_1_103' title='bbox 931 1078 1139 1121; x_wconf 64' lang='grc' dir='ltr'>ζτοσσόνδε</span> <span class='ocrx_word' id='word_1_104' title='bbox 1169 1079 1260 1120; x_wconf 86' lang='grc' dir='ltr'><strong>νόου</strong></span> <span class='ocrx_word' id='word_1_105' title='bbox 1291 1077 1510 1119; x_wconf 77' lang='grc' dir='ltr'><strong>ἐπιδεύεται</strong></span> <span class='ocrx_word' id='word_1_106' title='bbox 1541 1076 1705 1130; x_wconf 80' lang='grc' dir='ltr'><strong>ἐσθλοῦ,</strong></span> <span class='ocrx_word' id='word_1_107' title='bbox 1744 1076 1848 1117; x_wconf 82' lang='grc' dir='ltr'><strong>ὥστε</strong></span> 
     </span>
     <span class='ocr_line' id='line_1_14' title="bbox 212 1151 1845 1213; baseline -0.003 -15"><span class='ocrx_word' id='word_1_108' title='bbox 212 1157 365 1213; x_wconf 82' lang='grc' dir='ltr'><strong>χέρειον</strong></span> <span class='ocrx_word' id='word_1_109' title='bbox 397 1157 557 1199; x_wconf 80' lang='grc' dir='ltr'><strong>ἑλέσθαι</strong></span> <span class='ocrx_word' id='word_1_110' title='bbox 589 1155 847 1211; x_wconf 78' lang='grc' dir='ltr'><strong>ἀμεινοτέρων</strong></span> <span class='ocrx_word' id='word_1_111' title='bbox 880 1153 1122 1210; x_wconf 75' lang='grc' dir='ltr'><strong>παρεόντων’</strong></span> <span class='ocrx_word' id='word_1_112' title='bbox 1159 1153 1300 1207; x_wconf 88' lang='lat' dir='ltr'>(Philo</span> <span class='ocrx_word' id='word_1_113' title='bbox 1332 1152 1383 1195; x_wconf 76' lang='lat' dir='ltr'>de</span> <span class='ocrx_word' id='word_1_114' title='bbox 1405 1158 1485 1195; x_wconf 85' lang='lat' dir='ltr'>aet.</span> <span class='ocrx_word' id='word_1_115' title='bbox 1507 1151 1655 1194; x_wconf 85' lang='lat' dir='ltr'>mundi</span> <span class='ocrx_word' id='word_1_116' title='bbox 1686 1165 1725 1206; x_wconf 89' lang='lat' dir='ltr'>p.</span> <span class='ocrx_word' id='word_1_117' title='bbox 1747 1151 1845 1204; x_wconf 76' lang='grc'>500,</span> 
     </span>
     <span class='ocr_line' id='line_1_15' title="bbox 213 1227 1369 1286; baseline -0.004 -12"><span class='ocrx_word' id='word_1_118' title='bbox 213 1233 263 1274; x_wconf 83' lang='lat' dir='ltr'>cf.</span> <span class='ocrx_word' id='word_1_119' title='bbox 297 1232 431 1275; x_wconf 89' lang='lat' dir='ltr'>Crusii</span> <span class='ocrx_word' id='word_1_120' title='bbox 463 1232 506 1274; x_wconf 90' lang='lat' dir='ltr'>in</span> <span class='ocrx_word' id='word_1_121' title='bbox 538 1231 667 1274; x_wconf 83' lang='lat' dir='ltr'>Anth.</span> <span class='ocrx_word' id='word_1_122' title='bbox 690 1231 766 1286; x_wconf 87' lang='lat' dir='ltr'>lyr.</span> <span class='ocrx_word' id='word_1_123' title='bbox 790 1230 886 1273; x_wconf 87' lang='lat' dir='ltr'>adn.</span> <span class='ocrx_word' id='word_1_124' title='bbox 910 1230 974 1273; x_wconf 88' lang='lat' dir='ltr'>ad.</span> <span class='ocrx_word' id='word_1_125' title='bbox 999 1230 1181 1284; x_wconf 87' lang='lat' dir='ltr'>Theogn.</span> <span class='ocrx_word' id='word_1_126' title='bbox 1216 1242 1255 1270; x_wconf 91' lang='lat' dir='ltr'>v.</span> <span class='ocrx_word' id='word_1_127' title='bbox 1278 1227 1369 1282; x_wconf 76' lang='lat'>21).</span> 
     </span>
    </p>

    <p class='ocr_par' dir='ltr' id='par_1_4' title="bbox 211 1302 1852 2792">
     <span class='ocr_line' id='line_1_16' title="bbox 329 1302 1848 1360; baseline -0.004 -12"><span class='ocrx_word' id='word_1_128' title='bbox 329 1307 531 1350; x_wconf 83' lang='lat' dir='ltr'>Venimus</span> <span class='ocrx_word' id='word_1_129' title='bbox 561 1320 674 1349; x_wconf 85' lang='lat' dir='ltr'>nunc</span> <span class='ocrx_word' id='word_1_130' title='bbox 704 1305 757 1348; x_wconf 86' lang='lat' dir='ltr'>ad</span> <span class='ocrx_word' id='word_1_131' title='bbox 789 1306 838 1347; x_wconf 85' lang='lat' dir='ltr'>fr.</span> <span class='ocrx_word' id='word_1_132' title='bbox 860 1305 930 1357; x_wconf 78' lang='lat'>60,</span> <span class='ocrx_word' id='word_1_133' title='bbox 963 1304 1072 1360; x_wconf 91' lang='lat' dir='ltr'>quod</span> <span class='ocrx_word' id='word_1_134' title='bbox 1105 1318 1198 1346; x_wconf 86' lang='lat' dir='ltr'>cum</span> <span class='ocrx_word' id='word_1_135' title='bbox 1230 1302 1281 1345; x_wconf 91' lang='lat' dir='ltr'>de</span> <span class='ocrx_word' id='word_1_136' title='bbox 1301 1316 1467 1345; x_wconf 89' lang='lat' dir='ltr'>summa</span> <span class='ocrx_word' id='word_1_137' title='bbox 1488 1316 1531 1344; x_wconf 95' lang='lat' dir='ltr'>re</span> <span class='ocrx_word' id='word_1_138' title='bbox 1551 1302 1621 1351; x_wconf 85' lang='lat' dir='ltr'>sit,</span> <span class='ocrx_word' id='word_1_139' title='bbox 1654 1307 1848 1344; x_wconf 83' lang='lat' dir='ltr'>accurata</span> 
     </span>
     <span class='ocr_line' id='line_1_17' title="bbox 213 1377 1847 1438; baseline -0.005 -13"><span class='ocrx_word' id='word_1_140' title='bbox 213 1382 557 1438; x_wconf 83' lang='lat' dir='ltr'>interpretatione</span> <span class='ocrx_word' id='word_1_141' title='bbox 589 1382 763 1437; x_wconf 86' lang='lat' dir='ltr'>dignum</span> <span class='ocrx_word' id='word_1_142' title='bbox 785 1380 968 1423; x_wconf 86' lang='lat' dir='ltr'>videtur:</span> <span class='ocrx_word' id='word_1_143' title='bbox 1002 1383 1170 1434; x_wconf 83' lang='grc' dir='ltr'><strong>πρῶτον,</strong></span> <span class='ocrx_word' id='word_1_144' title='bbox 1202 1378 1325 1434; x_wconf 80' lang='grc' dir='ltr'><strong>οἶμαι,</strong></span> <span class='ocrx_word' id='word_1_145' title='bbox 1357 1381 1435 1420; x_wconf 86' lang='grc' dir='ltr'><strong>τῶν</strong></span> <span class='ocrx_word' id='word_1_146' title='bbox 1457 1377 1498 1419; x_wconf 82' lang='grc' dir='ltr'><strong>ἐν</strong></span> <span class='ocrx_word' id='word_1_147' title='bbox 1520 1377 1744 1433; x_wconf 80' lang='grc' dir='ltr'><strong>ἀνθρώποις</strong></span> <span class='ocrx_word' id='word_1_148' title='bbox 1765 1377 1847 1418; x_wconf 81' lang='grc' dir='ltr'><strong>ἐστὶ</strong></span> 
     </span>
     <span class='ocr_line' id='line_1_18' title="bbox 213 1451 1848 1511; baseline -0.004 -12"><span class='ocrx_word' id='word_1_149' title='bbox 213 1457 428 1502; x_wconf 82' lang='grc' dir='ltr'><strong>παίδευσις·</strong></span> <span class='ocrx_word' id='word_1_150' title='bbox 477 1457 568 1498; x_wconf 82' lang='grc' dir='ltr'><strong>ὅταν</strong></span> <span class='ocrx_word' id='word_1_151' title='bbox 613 1458 685 1511; x_wconf 77' lang='grc' dir='ltr'>γάρ</span> <span class='ocrx_word' id='word_1_152' title='bbox 731 1472 787 1502; x_wconf 87' lang='grc' dir='ltr'>τις</span> <span class='ocrx_word' id='word_1_153' title='bbox 833 1456 1059 1511; x_wconf 76' lang='grc' dir='ltr'><strong>πράγματος</strong></span> <span class='ocrx_word' id='word_1_154' title='bbox 1104 1453 1176 1496; x_wconf 80' lang='grc' dir='ltr'><strong>κᾶν</strong></span> <span class='ocrx_word' id='word_1_155' title='bbox 1222 1451 1383 1495; x_wconf 80' lang='grc' dir='ltr'><strong>ὁτουοῦν</strong></span> <span class='ocrx_word' id='word_1_156' title='bbox 1429 1454 1499 1509; x_wconf 86' lang='grc' dir='ltr'><strong>τὴν</strong></span> <span class='ocrx_word' id='word_1_157' title='bbox 1546 1453 1676 1509; x_wconf 80' lang='grc' dir='ltr'><strong>ἀρχὴν</strong></span> <span class='ocrx_word' id='word_1_158' title='bbox 1717 1452 1848 1507; x_wconf 80' lang='grc' dir='ltr'><strong>ὀρθῶς</strong></span> 
     </span>
     <span class='ocr_line' id='line_1_19' title="bbox 213 1527 1845 1588; baseline -0.004 -13"><span class='ocrx_word' id='word_1_159' title='bbox 213 1534 424 1588; x_wconf 81' lang='grc' dir='ltr'><strong>ποιήσηται</strong></span> <span class='ocrx_word' id='word_1_160' title='bbox 476 1533 580 1577; x_wconf 81' lang='grc' dir='ltr'><strong>εἰκὸς</strong></span> <span class='ocrx_word' id='word_1_161' title='bbox 632 1534 696 1573; x_wconf 84' lang='grc' dir='ltr'>καὶ</span> <span class='ocrx_word' id='word_1_162' title='bbox 747 1532 817 1586; x_wconf 80' lang='grc' dir='ltr'><strong>τὴν</strong></span> <span class='ocrx_word' id='word_1_163' title='bbox 870 1530 1051 1585; x_wconf 82' lang='grc' dir='ltr'><strong>τελευτὴν</strong></span> <span class='ocrx_word' id='word_1_164' title='bbox 1106 1530 1237 1585; x_wconf 80' lang='grc' dir='ltr'><strong>ὀρθῶς</strong></span> <span class='ocrx_word' id='word_1_165' title='bbox 1286 1528 1503 1583; x_wconf 78' lang='grc' dir='ltr'><strong>γίγνεσθαι·</strong></span> <span class='ocrx_word' id='word_1_166' title='bbox 1557 1529 1622 1570; x_wconf 81' lang='grc' dir='ltr'>καὶ</span> <span class='ocrx_word' id='word_1_167' title='bbox 1671 1527 1745 1582; x_wconf 78' lang='grc' dir='ltr'>γὰρ</span> <span class='ocrx_word' id='word_1_168' title='bbox 1795 1531 1845 1581; x_wconf 83' lang='grc' dir='ltr'>τῇ</span> 
     </span>
     <span class='ocr_line' id='line_1_20' title="bbox 211 1601 1850 1663; baseline -0.003 -14"><span class='ocrx_word' id='word_1_169' title='bbox 211 1611 269 1663; x_wconf 75' lang='grc' dir='ltr'>γῇ</span> <span class='ocrx_word' id='word_1_170' title='bbox 313 1608 395 1650; x_wconf 85' lang='grc' dir='ltr'><strong>οἷον</strong></span> <span class='ocrx_word' id='word_1_171' title='bbox 436 1607 481 1649; x_wconf 86' lang='grc' dir='ltr'><strong>ἄν</strong></span> <span class='ocrx_word' id='word_1_172' title='bbox 525 1623 578 1653; x_wconf 85' lang='grc' dir='ltr'>τις</span> <span class='ocrx_word' id='word_1_173' title='bbox 616 1608 660 1648; x_wconf 85' lang='grc' dir='ltr'>τὸ</span> <span class='ocrx_word' id='word_1_174' title='bbox 702 1606 888 1662; x_wconf 82' lang='grc' dir='ltr'><strong>σπέρμα</strong></span> <span class='ocrx_word' id='word_1_175' title='bbox 934 1605 1119 1661; x_wconf 79' lang='grc' dir='ltr'><strong>ἐναρόσῃ,</strong></span> <span class='ocrx_word' id='word_1_176' title='bbox 1164 1607 1323 1646; x_wconf 83' lang='grc' dir='ltr'><strong>τοιαῦτα</strong></span> <span class='ocrx_word' id='word_1_177' title='bbox 1358 1605 1424 1645; x_wconf 88' lang='grc' dir='ltr'>καὶ</span> <span class='ocrx_word' id='word_1_178' title='bbox 1470 1603 1518 1645; x_wconf 84' lang='grc' dir='ltr'>τὰ</span> <span class='ocrx_word' id='word_1_179' title='bbox 1565 1601 1744 1659; x_wconf 87' lang='grc' dir='ltr'><strong>ἔκφορα</strong></span> <span class='ocrx_word' id='word_1_180' title='bbox 1789 1604 1850 1644; x_wconf 83' lang='grc' dir='ltr'>δεῖ</span> 
     </span>
     <span class='ocr_line' id='line_1_21' title="bbox 212 1678 1847 1739; baseline -0.004 -14"><span class='ocrx_word' id='word_1_181' title='bbox 212 1685 453 1739; x_wconf 79' lang='grc' dir='ltr'><strong>προσδοκᾶν·</strong></span> <span class='ocrx_word' id='word_1_182' title='bbox 498 1684 562 1724; x_wconf 85' lang='grc' dir='ltr'>καὶ</span> <span class='ocrx_word' id='word_1_183' title='bbox 609 1682 655 1723; x_wconf 82' lang='grc' dir='ltr'><strong>ἐν</strong></span> <span class='ocrx_word' id='word_1_184' title='bbox 701 1682 790 1737; x_wconf 81' lang='grc' dir='ltr'><strong>νέῳ</strong></span> <span class='ocrx_word' id='word_1_185' title='bbox 828 1683 1011 1734; x_wconf 82' lang='grc' dir='ltr'><strong>σώματι</strong></span> <span class='ocrx_word' id='word_1_186' title='bbox 1057 1679 1147 1722; x_wconf 79' lang='grc' dir='ltr'><strong>ὅταν</strong></span> <span class='ocrx_word' id='word_1_187' title='bbox 1184 1695 1241 1726; x_wconf 89' lang='grc' dir='ltr'>τις</span> <span class='ocrx_word' id='word_1_188' title='bbox 1277 1681 1346 1734; x_wconf 84' lang='grc' dir='ltr'><strong>τὴν</strong></span> <span class='ocrx_word' id='word_1_189' title='bbox 1394 1679 1637 1720; x_wconf 84' lang='grc' dir='ltr'><strong>παίδευσιν</strong></span> <span class='ocrx_word' id='word_1_190' title='bbox 1674 1678 1847 1733; x_wconf 76' lang='grc' dir='ltr'><strong>γενναίαν</strong></span> 
     </span>
     <span class='ocr_line' id='line_1_22' title="bbox 213 1754 1847 1815; baseline -0.004 -14"><span class='ocrx_word' id='word_1_191' title='bbox 213 1759 407 1815; x_wconf 81' lang='grc' dir='ltr'><strong>ἐναρόσῃ,</strong></span> <span class='ocrx_word' id='word_1_192' title='bbox 466 1761 515 1813; x_wconf 75' lang='grc' dir='ltr'>ζῇ</span> <span class='ocrx_word' id='word_1_193' title='bbox 569 1760 682 1799; x_wconf 80' lang='grc' dir='ltr'><strong>τοῦτο</strong></span> <span class='ocrx_word' id='word_1_194' title='bbox 734 1759 799 1799; x_wconf 89' lang='grc' dir='ltr'>καὶ</span> <span class='ocrx_word' id='word_1_195' title='bbox 854 1757 991 1798; x_wconf 82' lang='grc' dir='ltr'><strong>θάλλει</strong></span> <span class='ocrx_word' id='word_1_196' title='bbox 1044 1756 1107 1798; x_wconf 82' lang='grc' dir='ltr'>διὰ</span> <span class='ocrx_word' id='word_1_197' title='bbox 1158 1756 1300 1800; x_wconf 80' lang='grc' dir='ltr'><strong>παντὸς</strong></span> <span class='ocrx_word' id='word_1_198' title='bbox 1350 1758 1419 1796; x_wconf 82' lang='grc' dir='ltr'><strong>τοῦ</strong></span> <span class='ocrx_word' id='word_1_199' title='bbox 1471 1754 1579 1811; x_wconf 81' lang='grc' dir='ltr'><strong>βίου,</strong></span> <span class='ocrx_word' id='word_1_200' title='bbox 1639 1755 1702 1796; x_wconf 81' lang='grc' dir='ltr'>καὶ</span> <span class='ocrx_word' id='word_1_201' title='bbox 1752 1754 1847 1795; x_wconf 76' lang='grc' dir='ltr'><strong>αὐτὸ</strong></span> 
     </span>
     <span class='ocr_line' id='line_1_23' title="bbox 214 1829 1847 1890; baseline -0.003 -14"><span class='ocrx_word' id='word_1_202' title='bbox 214 1833 304 1876; x_wconf 81' lang='grc' dir='ltr'><strong>οὔτε</strong></span> <span class='ocrx_word' id='word_1_203' title='bbox 341 1833 488 1890; x_wconf 85' lang='grc' dir='ltr'><strong>ὄμβρος</strong></span> <span class='ocrx_word' id='word_1_204' title='bbox 526 1832 616 1875; x_wconf 74' lang='grc' dir='ltr'><strong>οὔτε</strong></span> <span class='ocrx_word' id='word_1_205' title='bbox 654 1833 843 1889; x_wconf 85' lang='grc' dir='ltr'><strong>ἀνομβρία</strong></span> <span class='ocrx_word' id='word_1_206' title='bbox 883 1833 1118 1887; x_wconf 83' lang='grc' dir='ltr'><strong>ἀφαιρεῖται.</strong></span> <span class='ocrx_word' id='word_1_207' title='bbox 1179 1831 1298 1874; x_wconf 82' lang='lat' dir='ltr'>Hanc</span> <span class='ocrx_word' id='word_1_208' title='bbox 1333 1829 1593 1873; x_wconf 81' lang='lat' dir='ltr'>educationis</span> <span class='ocrx_word' id='word_1_209' title='bbox 1625 1844 1718 1872; x_wconf 90' lang='lat' dir='ltr'>cum</span> <span class='ocrx_word' id='word_1_210' title='bbox 1752 1843 1847 1885; x_wconf 85' lang='lat' dir='ltr'>agro</span> 
     </span>
     <span class='ocr_line' id='line_1_24' title="bbox 214 1904 1848 1962; baseline -0.003 -11"><span class='ocrx_word' id='word_1_211' title='bbox 214 1909 386 1951; x_wconf 83' lang='lat' dir='ltr'>colendo</span> <span class='ocrx_word' id='word_1_212' title='bbox 417 1908 738 1951; x_wconf 85' lang='lat' dir='ltr'>similitudinem</span> <span class='ocrx_word' id='word_1_213' title='bbox 772 1913 818 1950; x_wconf 90' lang='lat' dir='ltr'>ut</span> <span class='ocrx_word' id='word_1_214' title='bbox 850 1907 999 1949; x_wconf 88' lang='lat' dir='ltr'>melius</span> <span class='ocrx_word' id='word_1_215' title='bbox 1032 1906 1250 1962; x_wconf 86' lang='lat' dir='ltr'>intellegas</span> <span class='ocrx_word' id='word_1_216' title='bbox 1273 1906 1373 1962; x_wconf 91' lang='lat' dir='ltr'>quid</span> <span class='ocrx_word' id='word_1_217' title='bbox 1396 1906 1475 1948; x_wconf 87' lang='lat' dir='ltr'>sibi</span> <span class='ocrx_word' id='word_1_218' title='bbox 1499 1905 1612 1957; x_wconf 84' lang='lat' dir='ltr'>velit,</span> <span class='ocrx_word' id='word_1_219' title='bbox 1643 1904 1848 1946; x_wconf 88' lang='lat' dir='ltr'>rationem</span> 
     </span>
     <span class='ocr_line' id='line_1_25' title="bbox 215 1981 1849 2040; baseline -0.003 -14"><span class='ocrx_word' id='word_1_220' title='bbox 215 1984 476 2040; x_wconf 83' lang='lat' dir='ltr'>disciplinae,</span> <span class='ocrx_word' id='word_1_221' title='bbox 508 1998 591 2039; x_wconf 89' lang='lat' dir='ltr'>qua</span> <span class='ocrx_word' id='word_1_222' title='bbox 622 1983 706 2026; x_wconf 84' lang='lat' dir='ltr'>illis</span> <span class='ocrx_word' id='word_1_223' title='bbox 737 1982 994 2039; x_wconf 84' lang='lat' dir='ltr'>temporibus</span> <span class='ocrx_word' id='word_1_224' title='bbox 1017 1983 1079 2025; x_wconf 87' lang='lat' dir='ltr'>usi</span> <span class='ocrx_word' id='word_1_225' title='bbox 1099 1981 1196 2036; x_wconf 87' lang='lat' dir='ltr'>sint,</span> <span class='ocrx_word' id='word_1_226' title='bbox 1228 1982 1372 2038; x_wconf 86' lang='lat' dir='ltr'>paucis</span> <span class='ocrx_word' id='word_1_227' title='bbox 1393 1981 1664 2023; x_wconf 84' lang='lat' dir='ltr'>adumbrabo.</span> <span class='ocrx_word' id='word_1_228' title='bbox 1709 1981 1849 2035; x_wconf 87' lang='lat' dir='ltr'>Atque</span> 
     </span>
     <span class='ocr_line' id='line_1_26' title="bbox 216 2055 1849 2116; baseline -0.003 -14"><span class='ocrx_word' id='word_1_229' title='bbox 216 2059 431 2116; x_wconf 85' lang='lat' dir='ltr'>Antiphon</span> <span class='ocrx_word' id='word_1_230' title='bbox 463 2059 631 2114; x_wconf 89' lang='lat' dir='ltr'>quidem</span> <span class='ocrx_word' id='word_1_231' title='bbox 654 2060 853 2101; x_wconf 83' lang='lat' dir='ltr'>virtutem</span> <span class='ocrx_word' id='word_1_232' title='bbox 877 2058 1037 2101; x_wconf 90' lang='lat' dir='ltr'>homini</span> <span class='ocrx_word' id='word_1_233' title='bbox 1060 2072 1142 2100; x_wconf 91' lang='lat' dir='ltr'>non</span> <span class='ocrx_word' id='word_1_234' title='bbox 1163 2057 1353 2099; x_wconf 85' lang='lat' dir='ltr'>innatam</span> <span class='ocrx_word' id='word_1_235' title='bbox 1375 2070 1476 2110; x_wconf 87' lang='lat' dir='ltr'>esse,</span> <span class='ocrx_word' id='word_1_236' title='bbox 1509 2055 1581 2097; x_wconf 90' lang='lat' dir='ltr'>sed</span> <span class='ocrx_word' id='word_1_237' title='bbox 1603 2055 1849 2098; x_wconf 87' lang='lat' dir='ltr'>educatione</span> 
     </span>
     <span class='ocr_line' id='line_1_27' title="bbox 215 2130 1848 2190; baseline -0.003 -13"><span class='ocrx_word' id='word_1_238' title='bbox 215 2142 257 2178; x_wconf 91' lang='lat' dir='ltr'>et</span> <span class='ocrx_word' id='word_1_239' title='bbox 294 2134 485 2177; x_wconf 84' lang='lat' dir='ltr'>doctrina</span> <span class='ocrx_word' id='word_1_240' title='bbox 515 2135 749 2190; x_wconf 83' lang='lat' dir='ltr'>comparari</span> <span class='ocrx_word' id='word_1_241' title='bbox 781 2139 1001 2175; x_wconf 83' lang='lat' dir='ltr'>asseverat.</span> <span class='ocrx_word' id='word_1_242' title='bbox 1064 2133 1190 2175; x_wconf 76' lang='lat' dir='ltr'>Nulla</span> <span class='ocrx_word' id='word_1_243' title='bbox 1220 2139 1360 2175; x_wconf 84' lang='lat' dir='ltr'>autem</span> <span class='ocrx_word' id='word_1_244' title='bbox 1394 2146 1438 2174; x_wconf 90' lang='lat' dir='ltr'>re</span> <span class='ocrx_word' id='word_1_245' title='bbox 1468 2131 1599 2173; x_wconf 87' lang='lat' dir='ltr'>animi</span> <span class='ocrx_word' id='word_1_246' title='bbox 1631 2130 1848 2173; x_wconf 87' lang='lat' dir='ltr'>hominum</span> 
     </span>
     <span class='ocr_line' id='line_1_28' title="bbox 215 2205 1850 2265; baseline -0.004 -12"><span class='ocrx_word' id='word_1_247' title='bbox 215 2211 346 2265; x_wconf 83' lang='lat' dir='ltr'>magis</span> <span class='ocrx_word' id='word_1_248' title='bbox 383 2219 472 2252; x_wconf 90' lang='lat' dir='ltr'>tum</span> <span class='ocrx_word' id='word_1_249' title='bbox 511 2209 788 2252; x_wconf 86' lang='lat' dir='ltr'>movebantur</span> <span class='ocrx_word' id='word_1_250' title='bbox 825 2223 950 2264; x_wconf 87' lang='lat' dir='ltr'>quam</span> <span class='ocrx_word' id='word_1_251' title='bbox 988 2222 1038 2251; x_wconf 83' lang='lat' dir='ltr'>ea</span> <span class='ocrx_word' id='word_1_252' title='bbox 1074 2208 1333 2264; x_wconf 81' lang='lat' dir='ltr'>quaestione,</span> <span class='ocrx_word' id='word_1_253' title='bbox 1374 2207 1506 2249; x_wconf 85' lang='lat' dir='ltr'>virtus</span> <span class='ocrx_word' id='word_1_254' title='bbox 1538 2213 1680 2248; x_wconf 89' lang='lat' dir='ltr'>utrum</span> <span class='ocrx_word' id='word_1_255' title='bbox 1712 2205 1850 2248; x_wconf 91' lang='lat' dir='ltr'>doceri</span> 
     </span>
     <span class='ocr_line' id='line_1_29' title="bbox 217 2281 1850 2342; baseline -0.003 -14"><span class='ocrx_word' id='word_1_256' title='bbox 217 2290 356 2342; x_wconf 84' lang='lat' dir='ltr'>posset</span> <span class='ocrx_word' id='word_1_257' title='bbox 386 2299 530 2328; x_wconf 87' lang='lat' dir='ltr'>necne.</span> <span class='ocrx_word' id='word_1_258' title='bbox 591 2285 697 2327; x_wconf 83' lang='lat' dir='ltr'>Nam</span> <span class='ocrx_word' id='word_1_259' title='bbox 731 2291 777 2327; x_wconf 86' lang='lat' dir='ltr'>ut</span> <span class='ocrx_word' id='word_1_260' title='bbox 807 2284 858 2326; x_wconf 89' lang='lat' dir='ltr'>de</span> <span class='ocrx_word' id='word_1_261' title='bbox 888 2284 966 2326; x_wconf 83' lang='lat' dir='ltr'>hac</span> <span class='ocrx_word' id='word_1_262' title='bbox 998 2291 1041 2325; x_wconf 85' lang='lat' dir='ltr'>r&#39;e</span> <span class='ocrx_word' id='word_1_263' title='bbox 1073 2282 1331 2336; x_wconf 85' lang='lat' dir='ltr'>iudicabant,</span> <span class='ocrx_word' id='word_1_264' title='bbox 1363 2283 1423 2325; x_wconf 88' lang='lat' dir='ltr'>ita</span> <span class='ocrx_word' id='word_1_265' title='bbox 1453 2282 1504 2324; x_wconf 88' lang='lat' dir='ltr'>de</span> <span class='ocrx_word' id='word_1_266' title='bbox 1536 2296 1579 2324; x_wconf 89' lang='lat' dir='ltr'>re</span> <span class='ocrx_word' id='word_1_267' title='bbox 1610 2281 1779 2337; x_wconf 86' lang='lat' dir='ltr'>publica</span> <span class='ocrx_word' id='word_1_268' title='bbox 1809 2288 1850 2323; x_wconf 87' lang='lat' dir='ltr'>et</span> 
     </span>
     <span class='ocr_line' id='line_1_30' title="bbox 216 2356 1852 2413; baseline -0.003 -10"><span class='ocrx_word' id='word_1_269' title='bbox 216 2360 267 2403; x_wconf 91' lang='lat' dir='ltr'>de</span> <span class='ocrx_word' id='word_1_270' title='bbox 298 2360 484 2403; x_wconf 86' lang='lat' dir='ltr'>moribus</span> <span class='ocrx_word' id='word_1_271' title='bbox 515 2360 767 2403; x_wconf 85' lang='lat' dir='ltr'>sentiebant.</span> <span class='ocrx_word' id='word_1_272' title='bbox 819 2361 951 2412; x_wconf 88' lang='lat' dir='ltr'>Quam</span> <span class='ocrx_word' id='word_1_273' title='bbox 984 2358 1126 2401; x_wconf 83' lang='lat' dir='ltr'>variae</span> <span class='ocrx_word' id='word_1_274' title='bbox 1156 2365 1295 2401; x_wconf 90' lang='lat' dir='ltr'>autem</span> <span class='ocrx_word' id='word_1_275' title='bbox 1329 2366 1454 2413; x_wconf 87' lang='lat' dir='ltr'>atque</span> <span class='ocrx_word' id='word_1_276' title='bbox 1485 2357 1672 2400; x_wconf 85' lang='lat' dir='ltr'>diversae</span> <span class='ocrx_word' id='word_1_277' title='bbox 1694 2356 1852 2399; x_wconf 85' lang='lat' dir='ltr'>suerint</span> 
     </span>
     <span class='ocr_line' id='line_1_31' title="bbox 213 2432 1850 2490; baseline -0.003 -11"><span class='ocrx_word' id='word_1_278' title='bbox 213 2435 465 2487; x_wconf 83' lang='lat' dir='ltr'>sententiae,</span> <span class='ocrx_word' id='word_1_279' title='bbox 512 2435 781 2490; x_wconf 79' lang='lat' dir='ltr'>cognovimus</span> <span class='ocrx_word' id='word_1_280' title='bbox 818 2449 840 2478; x_wconf 91' lang='lat' dir='ltr'>e</span> <span class='ocrx_word' id='word_1_281' title='bbox 879 2434 1056 2477; x_wconf 87' lang='lat' dir='ltr'>Menone</span> <span class='ocrx_word' id='word_1_282' title='bbox 1093 2434 1298 2486; x_wconf 82' lang='lat' dir='ltr'>Platonis,</span> <span class='ocrx_word' id='word_1_283' title='bbox 1336 2433 1454 2475; x_wconf 88' lang='lat' dir='ltr'>cuius</span> <span class='ocrx_word' id='word_1_284' title='bbox 1490 2433 1692 2476; x_wconf 83' lang='lat' dir='ltr'>sermonis</span> <span class='ocrx_word' id='word_1_285' title='bbox 1728 2432 1850 2475; x_wconf 90' lang='lat' dir='ltr'>initio</span> 
     </span>
     <span class='ocr_line' id='line_1_32' title="bbox 217 2507 1850 2569; baseline -0.003 -15"><span class='ocrx_word' id='word_1_286' title='bbox 217 2511 336 2555; x_wconf 80' lang='lat' dir='ltr'>Meno</span> <span class='ocrx_word' id='word_1_287' title='bbox 387 2511 600 2554; x_wconf 78' lang='lat' dir='ltr'>Socratem</span> <span class='ocrx_word' id='word_1_288' title='bbox 651 2511 899 2564; x_wconf 81' lang='lat' dir='ltr'>interrogat:</span> <span class='ocrx_word' id='word_1_289' title='bbox 951 2509 1058 2565; x_wconf 84' lang='grc' dir='ltr'><strong>ἔχεις</strong></span> <span class='ocrx_word' id='word_1_290' title='bbox 1111 2525 1175 2562; x_wconf 88' lang='grc' dir='ltr'><strong>μοι</strong></span> <span class='ocrx_word' id='word_1_291' title='bbox 1225 2510 1367 2569; x_wconf 64' lang='grc' dir='ltr'><strong>εἰπεῖν,</strong></span> <span class='ocrx_word' id='word_1_292' title='bbox 1419 2509 1452 2549; x_wconf 86' lang='grc' dir='ltr'>ὦ</span> <span class='ocrx_word' id='word_1_293' title='bbox 1497 2508 1724 2562; x_wconf 80' lang='grc' dir='ltr'><strong>Σώκρατες,</strong></span> <span class='ocrx_word' id='word_1_294' title='bbox 1775 2507 1850 2563; x_wconf 80' lang='grc' dir='ltr'>ἄρα</span> 
     </span>
     <span class='ocr_line' id='line_1_33' title="bbox 215 2583 1850 2642; baseline -0.002 -14"><span class='ocrx_word' id='word_1_295' title='bbox 215 2587 435 2629; x_wconf 81' lang='grc' dir='ltr'><strong>διδακτόν</strong></span> <span class='ocrx_word' id='word_1_296' title='bbox 473 2586 499 2642; x_wconf 82' lang='grc' dir='ltr'>ἡ</span> <span class='ocrx_word' id='word_1_297' title='bbox 538 2586 678 2642; x_wconf 54' lang='lat' dir='ltr'>&amp;pet-63</span> <span class='ocrx_word' id='word_1_298' title='bbox 718 2586 744 2641; x_wconf 84' lang='grc' dir='ltr'>ἢ</span> <span class='ocrx_word' id='word_1_299' title='bbox 781 2585 826 2627; x_wconf 84' lang='grc' dir='ltr'><strong>οὐ</strong></span> <span class='ocrx_word' id='word_1_300' title='bbox 865 2585 1061 2637; x_wconf 74' lang='grc' dir='ltr'><strong>διδακτόν,</strong></span> <span class='ocrx_word' id='word_1_301' title='bbox 1100 2583 1189 2627; x_wconf 76' lang='grc' dir='ltr'><strong>ἀλλ’</strong></span> <span class='ocrx_word' id='word_1_302' title='bbox 1227 2585 1453 2640; x_wconf 82' lang='grc' dir='ltr'><strong>ἀσκητόν;</strong></span> <span class='ocrx_word' id='word_1_303' title='bbox 1491 2584 1517 2639; x_wconf 84' lang='grc' dir='ltr'>ἢ</span> <span class='ocrx_word' id='word_1_304' title='bbox 1556 2583 1645 2625; x_wconf 83' lang='grc' dir='ltr'><strong>οὔτε</strong></span> <span class='ocrx_word' id='word_1_305' title='bbox 1681 2584 1850 2639; x_wconf 75' lang='grc' dir='ltr'><strong>ἀσκητὸν</strong></span> 
     </span>
     <span class='ocr_line' id='line_1_34' title="bbox 215 2659 1850 2717; baseline -0.002 -13"><span class='ocrx_word' id='word_1_306' title='bbox 215 2661 306 2704; x_wconf 78' lang='grc' dir='ltr'><strong>οὔτε</strong></span> <span class='ocrx_word' id='word_1_307' title='bbox 342 2661 678 2717; x_wconf 80' lang='grc' dir='ltr'><strong>μαθητόν,·ἀλλὰ</strong></span> <span class='ocrx_word' id='word_1_308' title='bbox 709 2661 846 2716; x_wconf 81' lang='grc' dir='ltr'><strong>φύσει</strong></span> <span class='ocrx_word' id='word_1_309' title='bbox 883 2661 1157 2717; x_wconf 79' lang='grc' dir='ltr'><strong>παραγίγνεται</strong></span> <span class='ocrx_word' id='word_1_310' title='bbox 1193 2664 1274 2706; x_wconf 87' lang='grc' dir='ltr'><strong>τοῖς</strong></span> <span class='ocrx_word' id='word_1_311' title='bbox 1311 2661 1535 2716; x_wconf 82' lang='grc' dir='ltr'><strong>ἀνθρώποις</strong></span> <span class='ocrx_word' id='word_1_312' title='bbox 1572 2660 1597 2715; x_wconf 81' lang='grc' dir='ltr'>ἢ</span> <span class='ocrx_word' id='word_1_313' title='bbox 1638 2659 1747 2716; x_wconf 79' lang='grc' dir='ltr'><strong>ἄλλῳ</strong></span> <span class='ocrx_word' id='word_1_314' title='bbox 1779 2674 1850 2701; x_wconf 85' lang='grc' dir='ltr'><strong>τινι</strong></span> 
     </span>
     <span class='ocr_line' id='line_1_35' title="bbox 216 2735 1851 2792; baseline -0.001 -14"><span class='ocrx_word' id='word_1_315' title='bbox 216 2736 369 2792; x_wconf 80' lang='grc' dir='ltr'><strong>τρόπῳ;</strong></span> <span class='ocrx_word' id='word_1_316' title='bbox 422 2736 524 2779; x_wconf 86' lang='lat' dir='ltr'>Tres</span> <span class='ocrx_word' id='word_1_317' title='bbox 560 2736 688 2791; x_wconf 82' lang='lat' dir='ltr'>igitur</span> <span class='ocrx_word' id='word_1_318' title='bbox 724 2741 843 2779; x_wconf 84' lang='lat' dir='ltr'>erant</span> <span class='ocrx_word' id='word_1_319' title='bbox 878 2736 1130 2788; x_wconf 82' lang='lat' dir='ltr'>sententiae,</span> <span class='ocrx_word' id='word_1_320' title='bbox 1168 2749 1346 2792; x_wconf 86' lang='lat' dir='ltr'>quarum</span> <span class='ocrx_word' id='word_1_321' title='bbox 1384 2736 1455 2791; x_wconf 91' lang='lat' dir='ltr'>qui</span> <span class='ocrx_word' id='word_1_322' title='bbox 1494 2735 1670 2792; x_wconf 86' lang='lat' dir='ltr'>primam</span> <span class='ocrx_word' id='word_1_323' title='bbox 1707 2748 1851 2791; x_wconf 84' lang='lat' dir='ltr'>seque·</span> 
     </span>
    </p>
   </div>
   <div class='ocr_carea' id='block_1_4' title="bbox 263 2842 470 2847">
    <p class='ocr_par' dir='ltr' id='par_1_5' title="bbox 263 2842 470 2847">
     <span class='ocr_line' id='line_1_36' title="bbox 263 2842 470 2847; baseline 0 0"><span class='ocrx_word' id='word_1_324' title='bbox 263 2842 470 2847; x_wconf 95' lang='lat' dir='ltr'> </span> 
     </span>
    </p>
   </div>
   <div class='ocr_carea' id='block_1_5' title="bbox 218 2890 1851 2997">
    <p class='ocr_par' dir='ltr' id='par_1_6' title="bbox 218 2890 1851 2997">
     <span class='ocr_line' id='line_1_37' title="bbox 218 2890 1851 2937; baseline 0 -11"><span class='ocrx_word' id='word_1_325' title='bbox 218 2893 299 2936; x_wconf 77' lang='lat' dir='ltr'>ipsa</span> <span class='ocrx_word' id='word_1_326' title='bbox 324 2891 560 2936; x_wconf 76' lang='lat' dir='ltr'>temperantia</span> <span class='ocrx_word' id='word_1_327' title='bbox 586 2891 714 2937; x_wconf 69' lang='lat' dir='ltr'>agitur,</span> <span class='ocrx_word' id='word_1_328' title='bbox 748 2891 862 2937; x_wconf 76' lang='lat' dir='ltr'>qualis</span> <span class='ocrx_word' id='word_1_329' title='bbox 889 2891 937 2927; x_wconf 86' lang='lat' dir='ltr'>sit</span> <span class='ocrx_word' id='word_1_330' title='bbox 963 2892 999 2925; x_wconf 90' lang='lat' dir='ltr'>in</span> <span class='ocrx_word' id='word_1_331' title='bbox 1026 2902 1079 2934; x_wconf 89' lang='lat' dir='ltr'>eo,</span> <span class='ocrx_word' id='word_1_332' title='bbox 1112 2891 1172 2937; x_wconf 89' lang='lat' dir='ltr'>qui</span> <span class='ocrx_word' id='word_1_333' title='bbox 1199 2891 1276 2937; x_wconf 83' lang='lat' dir='ltr'>spei</span> <span class='ocrx_word' id='word_1_334' title='bbox 1303 2891 1455 2927; x_wconf 83' lang='lat' dir='ltr'>nocendi</span> <span class='ocrx_word' id='word_1_335' title='bbox 1483 2891 1644 2927; x_wconf 74' lang='lat' dir='ltr'>obsistat.</span> <span class='ocrx_word' id='word_1_336' title='bbox 1696 2890 1851 2936; x_wconf 76' lang='lat' dir='ltr'>Brachy-</span> 
     </span>
     <span class='ocr_line' id='line_1_38' title="bbox 219 2949 1774 2997; baseline 0 -12"><span class='ocrx_word' id='word_1_337' title='bbox 219 2951 314 2997; x_wconf 77' lang='lat' dir='ltr'>logia</span> <span class='ocrx_word' id='word_1_338' title='bbox 340 2950 453 2996; x_wconf 76' lang='lat' dir='ltr'>igitur</span> <span class='ocrx_word' id='word_1_339' title='bbox 479 2954 533 2986; x_wconf 75' lang='lat' dir='ltr'>est</span> <span class='ocrx_word' id='word_1_340' title='bbox 558 2949 758 2995; x_wconf 71' lang='lat' dir='ltr'>statuenda,</span> <span class='ocrx_word' id='word_1_341' title='bbox 784 2950 919 2986; x_wconf 81' lang='lat' dir='ltr'>seilicet</span> <span class='ocrx_word' id='word_1_342' title='bbox 945 2950 965 2997; x_wconf 75' lang='grc' dir='ltr'>ᾖ·</span> <span class='ocrx_word' id='word_1_343' title='bbox 993 2949 1082 2989; x_wconf 77' lang='grc' dir='ltr'><strong>ὅστις</strong></span> <span class='ocrx_word' id='word_1_344' title='bbox 1107 2959 1180 2986; x_wconf 87' lang='lat' dir='ltr'>non</span> <span class='ocrx_word' id='word_1_345' title='bbox 1205 2951 1248 2985; x_wconf 84' lang='lat' dir='ltr'>ad</span> <span class='ocrx_word' id='word_1_346' title='bbox 1276 2949 1376 2988; x_wconf 77' lang='grc' dir='ltr'><strong>ἄλλος</strong></span> <span class='ocrx_word' id='word_1_347' title='bbox 1401 2977 1410 2985; x_wconf 92' lang='grc'><strong>.</strong></span> <span class='ocrx_word' id='word_1_348' title='bbox 1428 2976 1437 2985; x_wconf 91' lang='grc'><strong>.</strong></span> <span class='ocrx_word' id='word_1_349' title='bbox 1463 2962 1512 2989; x_wconf 86' lang='grc' dir='ltr'>τις</span> <span class='ocrx_word' id='word_1_350' title='bbox 1538 2950 1774 2986; x_wconf 81' lang='lat' dir='ltr'>referendum.</span> 
     </span>
    </p>
   </div>
  </div>
 </body>
</html>
