2170 3412
998 236 1283 278 -62-

325 353 346 392 δ
396 350 441 391 ού
479 353 682 406 πανταχοῦ
718 349 885 404 ἀγαθόν·
919 350 1086 395 πολλοὺς
1115 351 1188 405 γὰρ
1219 353 1395 392 τοιαῦται
1426 351 1577 397 ἐλπίδες
1607 354 1688 394 κτλ.
1722 377 1778 384 -
1808 352 1951 396 Ρι·.53

323 457 332 466 .
359 459 366 467 .
391 456 400 466 .
424 425 697 482 προστιθέντες
727 427 885 481 ἥδονται
917 425 980 466 οἶα
1013 426 1060 478 δή
1094 440 1148 469 τις
1181 424 1225 466 ἂν
1257 426 1448 467 εἰκάσειεν
1469 427 1648 481 ἥδεσθαι.
1699 428 1952 483 ἀφαιροῦντες

323 502 366 542 δὲ
388 533 397 542 .
421 532 431 542 .
487 501 667 555 ἀλγοῢσιν
691 534 700 542 .
725 534 733 542 .
757 531 766 541 .
791 501 923 555 ὥσπερ
946 531 956 541 .
980 533 988 542 .
1014 533 1023 542 .
1047 500 1339 555 ἀφαιρούμενοι.
1362 524 1416 532 --
1439 502 1502 543 Fr.
1525 502 1580 543 49
1598 502 1652 557 μὴ
1674 501 1722 543 τὰ
1743 501 1954 557 παλίγκοτα

323 576 522 630 λέγωμεν,
574 575 751 630 λεγέσθω
802 577 884 617 κτλ.
962 580 1049 626 Qua
1102 576 1404 618 consuetudine
1450 577 1723 632 Antiphontis
1767 577 1954 633 neglecta

324 650 508 692 Blassius
538 650 706 705 scripsit
735 650 911 704 γενέσθω
944 663 1016 706 pro
1047 649 1238 703 λεγέσθω.
1274 674 1323 680 -
1359 650 1439 693 Sed
1471 665 1573 694 cave
1605 651 1748 694 credas
1779 651 1951 695 eandem

322 725 364 767 in
399 727 473 768 hoc
505 725 690 780 sophista
720 739 807 767 esse
838 724 954 767 illam
985 725 1187 767 sermonis
1218 725 1529 780 antiquitatem.
1582 726 1627 769 Id
1661 726 1796 783 ipsum
1826 726 1952 774 enim,

323 801 431 856 quod
464 800 525 842 illi
557 800 726 855 quidem
757 801 938 842 naturali
971 800 1153 855 quadam
1175 801 1339 843 incuria
1359 801 1627 855 admiserant,
1660 802 1783 844 huius
1805 802 1955 845 aetatis

322 876 545 932 scriptores
577 876 620 917 in
653 881 783 917 artem
817 880 942 930 atque
975 875 1114 917 lusum
1147 882 1374 919 verterunt.
1427 880 1610 927 Quorum
1643 879 1835 934 princeps
1866 877 1955 934 ipse

323 958 383 993 est
429 951 612 1006 Gorgias,
659 952 709 993 cf.
750 952 846 994 fr.6
884 951 922 992 τί
956 951 1029 1005 γὰρ
1076 951 1180 1006 ἀπῆν
1226 954 1305 996 τοῖς
1353 953 1551 1007 ἀνδράσι
1597 953 1743 997 τούτοις
1789 953 1844 994 ὧν
1890 953 1958 994 δεῖ

323 1027 519 1080 ἀνδράσι
550 1029 822 1082 προσεῖναι;
854 1027 892 1068 τί
910 1028 953 1068 δὲ
974 1027 1038 1068 καὶ
1070 1030 1249 1082 προσῆν
1281 1027 1336 1068 ῶν
1358 1027 1403 1069 οὐ
1435 1029 1509 1069 δεῖ
1535 1032 1803 1082 προσεῖναι·,
1833 1028 1955 1070 εἰπεῖν

323 1102 511 1157 δυναίμην
544 1102 568 1142 ἃ
602 1102 854 1157 βούλομαι,
889 1103 1149 1157 βουλοίμην
1181 1098 1217 1143 δ’
1243 1102 1268 1143 ἃ
1299 1104 1359 1144 δεῖ
1389 1105 1470 1144 κτλ.
1493 1127 1544 1133 -
1571 1103 1727 1145 Palam.
1749 1104 1777 1146 5
1807 1102 1955 1157 ὅτιμὲν

323 1174 390 1217 οὖν
428 1176 473 1218 οὐ
512 1180 650 1232 σαφῶς
689 1178 805 1222 εἰδὼς
835 1178 856 1218 ὁ
889 1178 1104 1233 κατήγορος
1134 1181 1343 1233 κατηγορεῖ
1375 1193 1463 1232 μου,
1495 1182 1632 1233 σαφῶς
1662 1178 1766 1220 οἶδα·
1799 1178 1956 1220 σύνοιδα

321 1252 395 1307 γὰρ
427 1252 587 1308 ἐμαυτῷ
621 1256 759 1308 σαφῶς
790 1255 871 1295 κτλ.
895 1278 949 1283 -
972 1253 1125 1295 Eodem
1157 1253 1250 1295 lusu
1282 1254 1467 1296 maxime
1497 1254 1727 1296 delectatur
1747 1253 1956 1308 Agathou,

322 1327 373 1369 cf.
412 1327 472 1369 Pl.
497 1327 625 1370 ConV.
659 1329 770 1370 194e
808 1360 818 1370 .
840 1361 850 1371 .
876 1362 885 1371 .
913 1332 1067 1384 πρῶτον
1101 1330 1170 1382 μὲν
1202 1330 1322 1370 εἰπεῖν
1361 1330 1415 1373 ὡς
1454 1330 1534 1385 χρή
1569 1344 1616 1383 με
1647 1329 1782 1378 εἰπεῖν,
1820 1325 1956 1370 ἔπειτα

321 1403 457 1445 εἰπεῖν.
529 1404 720 1459 1950sq.
764 1404 987 1459 quinquies
1026 1404 1222 1460 deinceps
1261 1405 1425 1452 ἁπαλός,
1466 1405 1527 1446 bis
1564 1405 1775 1459 ἁπαλότης.
1844 1403 1956 1446 1960

321 1477 514 1533 κρατοῖντ’
550 1478 595 1519 ἀν
634 1479 709 1520 ὑπὸ
733 1477 929 1534 '‘Epeo-cm,
968 1480 988 1520 ὁ
1017 1480 1060 1520 δὲ
1096 1483 1247 1535 κρατοῖ·
1288 1483 1440 1535 κρατῶν
1478 1479 1521 1521 δέ
1553 1482 1634 1521 κτλ.
1697 1481 1754 1522 At
1784 1478 1956 1533 Gorgias

321 1554 542 1596 verborum
575 1555 796 1596 iteratione
828 1554 1108 1597 membrorum
1142 1556 1429 1610 symmetriam
1462 1569 1613 1609 augere
1643 1554 1796 1608 studet,
1828 1567 1955 1610 quam

319 1629 514 1683 Agathou
553 1644 700 1682 parum
733 1630 913 1686 respicit,
948 1631 997 1672 cf.
1030 1630 1150 1685 Gorg.
1174 1631 1221 1672 fr.
1246 1631 1272 1672 6
1304 1661 1314 1672 .
1339 1663 1347 1672 .
1373 1633 1448 1671 τῶν
1482 1631 1626 1676 ἀδίκως
1656 1629 1956 1685 δυστυχούντων

323 1737 332 1746 .
357 1735 367 1746 .
389 1735 400 1746 .
422 1708 500 1746 τῶν
531 1705 677 1750 ἀδίκως
698 1704 982 1762 εὐτυχούντων.
1030 1705 1173 1748 Palam
1206 1708 1225 1748 1
1251 1739 1260 1747 .
1285 1740 1294 1748 .
1317 1706 1476 1751 δικαίως
1497 1706 1709 1747 ἀποθανεῖν
1731 1737 1742 1746 .
1761 1737 1771 1747 .
1790 1738 1799 1747 .
1822 1705 1958 1760 βιαίως

319 1780 547 1822 ἀποθανεῖν.
600 1780 803 1823 Similiter
834 1787 962 1836 atque
985 1781 1169 1835 Gorgias,
1203 1781 1395 1836 quamvis
1434 1795 1517 1823 non
1554 1781 1697 1822 eadem
1721 1779 1955 1822 disserendi
2001 1798 2004 1801 ·

320 1871 368 1899 ac
420 1857 703 1912 distinguendi
754 1857 1008 1909 subtilitate,
1057 1871 1139 1912 qua
1182 1857 1253 1899 ille
1297 1858 1505 1899 contraria
1542 1857 1652 1899 inter
1686 1870 1729 1898 se
1766 1856 1954 1913 opponit,

321 1932 447 1975 ceteri
483 1932 607 1974 huius
643 1932 799 1974 saeculi
830 1938 1014 1975 oratores
1046 1933 1266 1975 verborum
1296 1933 1518 1975 iteratione
1550 1937 1736 1983 utuntur,
1770 1937 1817 1974 ut
1845 1945 1957 1987 sym·

321 2009 516 2050 metriam
547 2008 757 2063 quandam
790 2009 877 2050 sive
900 2008 1242 2064 parallelismum,
1274 2023 1397 2064 quem
1424 2013 1586 2060 vocant,
1619 2007 1814 2050 efficiant.
1870 2006 1956 2050 Nec

320 2097 418 2126 vero
464 2084 600 2126 solum
646 2084 811 2138 singula
855 2084 1004 2137 verba,
1051 2084 1123 2126 sed
1171 2084 1298 2126 etiam
1345 2089 1454 2126 totas
1498 2083 1726 2125 sententias
1770 2084 1956 2139 repetere

322 2159 471 2201 solent.
533 2159 667 2201 Multa
698 2164 867 2201 exstant
899 2160 1091 2214 exempla
1123 2159 1231 2214 apud
1263 2161 1361 2201 Ant.
1395 2165 1613 2212 oratorem,
1645 2157 1953 2210 Antisthenem,

320 2234 438 2276 nulla
481 2235 565 2276 fere
611 2234 720 2290 apud
759 2234 1047 2288 Thucydidem
1094 2234 1310 2276 brevitatis
1355 2234 1475 2275 illum
1512 2233 1868 2275 studiosissimum
1912 2236 1955 2274 et

322 2309 660 2351 Alcidamantem
698 2309 943 2364 scriptorem
982 2310 1034 2350 ab
1073 2309 1327 2364 antiquitate
1366 2310 1449 2350 iam
1481 2308 1613 2362 magis
1645 2313 1850 2366 remotum
1881 2307 1953 2361 (cf.

321 2385 439 2426 Blass
477 2385 559 2426 1.ο.
595 2385 633 2426 ΙΙ
669 2385 750 2426 357
791 2384 884 2426 adn.
925 2385 986 2439 6).
1048 2385 1107 2427 Cf.
1150 2385 1248 2426 Ant.
1291 2384 1366 2426 Rh.
1407 2385 1424 2426 I
1470 2386 1746 2426 11’..ταῦτα
1793 2381 1955 2438 μέγιστα

321 2461 510 2515 τεκμήρια
549 2460 796 2516 παρείχοντο,
838 2462 893 2504 ὡς
923 2460 995 2500 οὐκ
1027 2459 1161 2515 ἔνοχοί
1191 2460 1265 2501 εἰσι
1295 2463 1351 2514 τῷ
1383 2460 1493 2514 φόνῳ
1517 2491 1526 2500 .
1551 2492 1559 2500 .
1583 2491 1592 2500 .
1616 2461 1736 2500 ταῦτα
1766 2457 1955 2512 τεκμήρια

321 2535 420 2576 εἶναι
451 2538 506 2580 ὡς
537 2535 632 2577 εἰσὶν
664 2534 795 2591 ἔνοχοι
827 2538 883 2591 τῷ
915 2535 1037 2591 φόνῳ.
1091 2535 1186 2577 126
1217 2566 1227 2576 .
1252 2535 1419 2591 ,βιαίως
1450 2534 1636 2575 ἀπέθανε.
1689 2538 1774 2578 πῶς
1802 2533 1875 2589 γὰρ
1906 2532 1954 2575 οὐ

323 2611 458 2665 βιαίως
489 2611 684 2652 ἀπέθανεν
715 2613 797 2652 κτλ.
849 2611 886 2652 V
908 2612 934 2653 5
967 2610 1047 2652 οὔτ’
1078 2609 1180 2666 ἔργῳ
1204 2611 1475 2665 ἁμαρτάνοντα
1497 2609 1559 2651 διὰ
1582 2611 1739 2665 ῥήματα
1760 2609 1954 2664 σωθῆναι,

324 2684 406 2726 οὔτ’
450 2684 552 2741 ἔργῳ
600 2686 732 2741 ὀρθῶς
775 2686 971 2741 πράξαντα
1017 2686 1080 2727 διὰ
1127 2687 1286 2741 ῥήματα
1331 2685 1562 2726 ἀπολέσθαι.
1638 2684 1724 2726 Em
1760 2682 1956 2740 Spci'terer

323 2761 463 2802 wiirde
491 2761 596 2803 diese
627 2760 940 2816 Wiederholuny
971 2761 1195 2803 vermieden
1214 2759 1443 2815 haben¹¹⁷)‚
1476 2761 1607 2802 damit
1626 2760 1692 2801 die
1711 2758 1957 2815 Symmetrie

444 2865 503 2909 ¹¹⁷)
530 2865 641 2910 Atqui
666 2865 883 2910 Xenophon,
915 2865 978 2899 ubi
1012 2866 1098 2899 artis
1123 2865 1316 2900 rhetoricae
1342 2864 1513 2900 subsidiis
1540 2865 1663 2908 utitur,
1694 2865 1739 2898 ab
1766 2863 1831 2898 hae
1856 2872 1955 2898 seve-

323 2924 426 2958 ritate
451 2925 676 2969 symmetriae
703 2925 900 2960 orationem
925 2935 996 2958 non
1024 2924 1209 2967 relaxavit,
1235 2924 1273 2958 id
1298 2923 1394 2968 quod
1419 2923 1581 2969 pluribus
1606 2923 1782 2966 exemplis
1808 2922 1954 2957 demon-

323 2984 447 3018 stravit
472 2983 680 3018 Schachtius
707 2983 730 3017 1.
749 2994 778 3018 c.
805 2995 838 3028 p.
858 2984 904 3018 30
918 2994 994 3029 sqq.
