<?xml version="1.0" encoding="UTF-8"?>
<!DOCTYPE html PUBLIC "-//W3C//DTD XHTML 1.0 Transitional//EN"
    "http://www.w3.org/TR/xhtml1/DTD/xhtml1-transitional.dtd">
<html xmlns="http://www.w3.org/1999/xhtml" xml:lang="en" lang="en">
 <head>
  <title>
</title>
<meta http-equiv="Content-Type" content="text/html;charset=utf-8" />
  <meta name='ocr-system' content='tesseract 3.04.00' />
  <meta name='ocr-capabilities' content='ocr_page ocr_carea ocr_par ocr_line ocrx_word'/>
</head>
<body>
  <div class='ocr_page' id='page_1' title='image "./deantiphontissop00jacouoft_0019.png"; bbox 0 0 2170 3412; ppageno 0'>
   <div class='ocr_carea' id='block_1_1' title="bbox 876 200 1162 241">
    <p class='ocr_par' dir='ltr' id='par_1_1' title="bbox 876 200 1162 241">
     <span class='ocr_line' id='line_1_1' title="bbox 876 200 1162 241; baseline -0.003 -11"><span class='ocrx_word' id='word_1_1' title='bbox 876 200 1162 241; x_wconf 75' lang='lat'>..15-</span> 
     </span>
    </p>
   </div>
   <div class='ocr_carea' id='block_1_2' title="bbox 196 311 1852 2627">
    <p class='ocr_par' dir='ltr' id='par_1_2' title="bbox 196 311 1852 2627">
     <span class='ocr_line' id='line_1_2' title="bbox 199 311 1835 371; baseline -0.004 -11"><span class='ocrx_word' id='word_1_2' title='bbox 199 317 245 360; x_wconf 86' lang='grc' dir='ltr'>τὸ</span> <span class='ocrx_word' id='word_1_3' title='bbox 280 316 324 358; x_wconf 77' lang='grc' dir='ltr'>δὲ</span> <span class='ocrx_word' id='word_1_4' title='bbox 360 315 594 371; x_wconf 84' lang='grc' dir='ltr'>ἀντιτάχθαι</span> <span class='ocrx_word' id='word_1_5' title='bbox 629 314 813 369; x_wconf 85' lang='grc' dir='ltr'>ἀλλήλοις</span> <span class='ocrx_word' id='word_1_6' title='bbox 856 316 905 367; x_wconf 80' lang='grc' dir='ltr'>τῇ</span> <span class='ocrx_word' id='word_1_7' title='bbox 943 314 1082 368; x_wconf 85' lang='grc' dir='ltr'>γνώμῃ</span> <span class='ocrx_word' id='word_1_8' title='bbox 1127 312 1340 357; x_wconf 86' lang='grc' dir='ltr'>ἀπίστως</span> <span class='ocrx_word' id='word_1_9' title='bbox 1383 311 1447 353; x_wconf 86' lang='grc' dir='ltr'>ἐπὶ</span> <span class='ocrx_word' id='word_1_10' title='bbox 1493 312 1592 354; x_wconf 82' lang='grc' dir='ltr'>πολὺ</span> <span class='ocrx_word' id='word_1_11' title='bbox 1638 313 1835 367; x_wconf 79' lang='grc' dir='ltr'>διήνεγκεν</span> 
     </span>
     <span class='ocr_line' id='line_1_3' title="bbox 196 387 1835 446; baseline -0.003 -11"><span class='ocrx_word' id='word_1_12' title='bbox 196 389 619 446; x_wconf 82' lang='lat' dir='ltr'><strong>(Thuo.11183‚1).</strong></span> <span class='ocrx_word' id='word_1_13' title='bbox 693 390 808 440; x_wconf 78' lang='lat' dir='ltr'>Quae</span> <span class='ocrx_word' id='word_1_14' title='bbox 854 394 993 431; x_wconf 85' lang='lat' dir='ltr'><strong>autem</strong></span> <span class='ocrx_word' id='word_1_15' title='bbox 1041 387 1196 430; x_wconf 81' lang='lat' dir='ltr'><strong>fuerint</strong></span> <span class='ocrx_word' id='word_1_16' title='bbox 1241 387 1302 429; x_wconf 91' lang='lat' dir='ltr'><strong>rei</strong></span> <span class='ocrx_word' id='word_1_17' title='bbox 1348 387 1541 442; x_wconf 83' lang='lat' dir='ltr'><strong>publicae</strong></span> <span class='ocrx_word' id='word_1_18' title='bbox 1586 393 1737 443; x_wconf 79' lang='lat' dir='ltr'><strong>partes,</strong></span> <span class='ocrx_word' id='word_1_19' title='bbox 1784 401 1835 430; x_wconf 83' lang='lat' dir='ltr'>ex</span> 
     </span>
     <span class='ocr_line' id='line_1_4' title="bbox 201 461 1834 523; baseline -0.003 -14"><span class='ocrx_word' id='word_1_20' title='bbox 201 465 411 523; x_wconf 83' lang='lat' dir='ltr'><strong>Euripidis</strong></span> <span class='ocrx_word' id='word_1_21' title='bbox 441 465 586 522; x_wconf 85' lang='lat' dir='ltr'><strong>Suppl.</strong></span> <span class='ocrx_word' id='word_1_22' title='bbox 618 479 657 507; x_wconf 78' lang='lat' dir='ltr'>v,</span> <span class='ocrx_word' id='word_1_23' title='bbox 679 463 860 519; x_wconf 81' lang='lat' dir='ltr'><strong>238sqq.</strong></span> <span class='ocrx_word' id='word_1_24' title='bbox 893 463 1179 518; x_wconf 82' lang='lat' dir='ltr'><strong>cognovimus:</strong></span> <span class='ocrx_word' id='word_1_25' title='bbox 1211 466 1312 518; x_wconf 81' lang='grc' dir='ltr'><strong>τρεῖς</strong></span> <span class='ocrx_word' id='word_1_26' title='bbox 1348 461 1421 517; x_wconf 86' lang='grc' dir='ltr'>γὰρ</span> <span class='ocrx_word' id='word_1_27' title='bbox 1459 464 1631 503; x_wconf 87' lang='grc' dir='ltr'>πολιτῶν</span> <span class='ocrx_word' id='word_1_28' title='bbox 1664 463 1834 517; x_wconf 81' lang='grc' dir='ltr'>μερίδες·</span> 
     </span>
     <span class='ocr_line' id='line_1_5' title="bbox 199 535 1837 597; baseline -0.003 -13"><span class='ocrx_word' id='word_1_29' title='bbox 199 542 239 584; x_wconf 80' lang='grc' dir='ltr'>οἱ</span> <span class='ocrx_word' id='word_1_30' title='bbox 286 542 356 595; x_wconf 84' lang='grc' dir='ltr'>μὲν</span> <span class='ocrx_word' id='word_1_31' title='bbox 402 539 526 597; x_wconf 85' lang='grc' dir='ltr'>ὄλβιοι</span> <span class='ocrx_word' id='word_1_32' title='bbox 570 540 834 594; x_wconf 81' lang='grc' dir='ltr'>ἀνωφελεῖς</span> <span class='ocrx_word' id='word_1_33' title='bbox 878 554 921 580; x_wconf 88' lang='grc' dir='ltr'>τε</span> <span class='ocrx_word' id='word_1_34' title='bbox 966 539 1155 580; x_wconf 84' lang='grc' dir='ltr'>πλειόνων</span> <span class='ocrx_word' id='word_1_35' title='bbox 1202 537 1235 579; x_wconf 92' lang='grc' dir='ltr'>τ’</span> <span class='ocrx_word' id='word_1_36' title='bbox 1272 535 1389 592; x_wconf 86' lang='grc' dir='ltr'>ἐρῶσ’</span> <span class='ocrx_word' id='word_1_37' title='bbox 1432 537 1514 578; x_wconf 86' lang='grc' dir='ltr'>ἀεί·</span> <span class='ocrx_word' id='word_1_38' title='bbox 1559 539 1595 579; x_wconf 83' lang='grc' dir='ltr'>οἱ</span> <span class='ocrx_word' id='word_1_39' title='bbox 1641 537 1676 579; x_wconf 84' lang='grc' dir='ltr'>δ’</span> <span class='ocrx_word' id='word_1_40' title='bbox 1724 538 1837 580; x_wconf 86' lang='grc' dir='ltr'>οὐδὲν</span> 
     </span>
     <span class='ocr_line' id='line_1_6' title="bbox 200 612 1839 671; baseline -0.003 -12"><span class='ocrx_word' id='word_1_41' title='bbox 200 614 376 671; x_wconf 76' lang='grc' dir='ltr'>ὅντες”)</span> <span class='ocrx_word' id='word_1_42' title='bbox 405 617 470 658; x_wconf 86' lang='grc' dir='ltr'>καὶ</span> <span class='ocrx_word' id='word_1_43' title='bbox 501 615 750 662; x_wconf 74' lang='grc' dir='ltr'>σπανίζοντες</span> <span class='ocrx_word' id='word_1_44' title='bbox 786 613 885 669; x_wconf 88' lang='grc' dir='ltr'>βίου,</span> <span class='ocrx_word' id='word_1_45' title='bbox 923 615 1039 655; x_wconf 86' lang='grc' dir='ltr'>δεινοὶ</span> <span class='ocrx_word' id='word_1_46' title='bbox 1077 613 1260 668; x_wconf 82' lang='grc' dir='ltr'>νέμοντες</span> <span class='ocrx_word' id='word_1_47' title='bbox 1295 616 1354 668; x_wconf 77' lang='grc' dir='ltr'>τῷ</span> <span class='ocrx_word' id='word_1_48' title='bbox 1391 612 1529 668; x_wconf 82' lang='grc' dir='ltr'>φθόνῳ</span> <span class='ocrx_word' id='word_1_49' title='bbox 1568 612 1684 654; x_wconf 82' lang='grc' dir='ltr'>πλέον</span> <span class='ocrx_word' id='word_1_50' title='bbox 1722 613 1839 668; x_wconf 85' lang='grc' dir='ltr'>μέρος</span> 
     </span>
     <span class='ocr_line' id='line_1_7' title="bbox 202 688 1837 748; baseline -0.004 -13"><span class='ocrx_word' id='word_1_51' title='bbox 202 693 258 739; x_wconf 86' lang='grc' dir='ltr'>εἰς</span> <span class='ocrx_word' id='word_1_52' title='bbox 293 691 384 737; x_wconf 80' lang='grc' dir='ltr'>τοὺς</span> <span class='ocrx_word' id='word_1_53' title='bbox 418 690 582 748; x_wconf 83' lang='grc' dir='ltr'>ἔχοντας</span> <span class='ocrx_word' id='word_1_54' title='bbox 618 688 744 744; x_wconf 80' lang='grc' dir='ltr'>κέντρ’</span> <span class='ocrx_word' id='word_1_55' title='bbox 788 689 947 743; x_wconf 82' lang='grc' dir='ltr'>ἀφιᾶσιν</span> <span class='ocrx_word' id='word_1_56' title='bbox 984 690 1098 741; x_wconf 90' lang='grc' dir='ltr'>κακά,</span> <span class='ocrx_word' id='word_1_57' title='bbox 1135 690 1333 743; x_wconf 82' lang='grc' dir='ltr'><strong>γλώσσαις</strong></span> <span class='ocrx_word' id='word_1_58' title='bbox 1373 692 1555 744; x_wconf 77' lang='grc' dir='ltr'>πονηρῶν</span> <span class='ocrx_word' id='word_1_59' title='bbox 1607 693 1837 744; x_wconf 82' lang='grc' dir='ltr'>προστατῶν</span> 
     </span>
     <span class='ocr_line' id='line_1_8' title="bbox 201 759 1832 822; baseline -0.001 -14"><span class='ocrx_word' id='word_1_60' title='bbox 201 766 461 822; x_wconf 74' lang='grc' dir='ltr'>φηλούμενοι·</span> <span class='ocrx_word' id='word_1_61' title='bbox 493 769 609 819; x_wconf 86' lang='grc' dir='ltr'>τριῶν</span> <span class='ocrx_word' id='word_1_62' title='bbox 635 765 679 806; x_wconf 83' lang='grc' dir='ltr'>δὲ</span> <span class='ocrx_word' id='word_1_63' title='bbox 701 768 850 820; x_wconf 81' lang='grc' dir='ltr'>μοιρῶν</span> <span class='ocrx_word' id='word_1_64' title='bbox 872 767 898 819; x_wconf 77' lang='grc' dir='ltr'><strong>ἡ</strong></span> <span class='ocrx_word' id='word_1_65' title='bbox 920 762 951 804; x_wconf 86' lang='grc' dir='ltr'>’ν</span> <span class='ocrx_word' id='word_1_66' title='bbox 975 763 1085 820; x_wconf 87' lang='grc' dir='ltr'>μέσῳ</span> <span class='ocrx_word' id='word_1_67' title='bbox 1109 759 1230 819; x_wconf 67' lang='grc' dir='ltr'>σῴζει</span> <span class='ocrx_word' id='word_1_68' title='bbox 1250 762 1396 816; x_wconf 81' lang='grc' dir='ltr'>πόλεις,</span> <span class='ocrx_word' id='word_1_69' title='bbox 1418 764 1566 818; x_wconf 79' lang='grc' dir='ltr'>κόσμον</span> <span class='ocrx_word' id='word_1_70' title='bbox 1588 763 1832 818; x_wconf 82' lang='grc' dir='ltr'>φυλάσσουσ’</span> 
     </span>
     <span class='ocr_line' id='line_1_9' title="bbox 202 838 1841 895; baseline -0.002 -11"><span class='ocrx_word' id='word_1_71' title='bbox 202 840 318 884; x_wconf 78' lang='grc' dir='ltr'>ὅντιν’</span> <span class='ocrx_word' id='word_1_72' title='bbox 374 839 419 882; x_wconf 85' lang='grc' dir='ltr'>ἄν</span> <span class='ocrx_word' id='word_1_73' title='bbox 463 839 561 895; x_wconf 74' lang='grc' dir='ltr'>τάξῃ</span> <span class='ocrx_word' id='word_1_74' title='bbox 607 839 731 885; x_wconf 85' lang='grc' dir='ltr'>πόλις.</span> <span class='ocrx_word' id='word_1_75' title='bbox 793 841 896 882; x_wconf 87' lang='lat' dir='ltr'>Cum</span> <span class='ocrx_word' id='word_1_76' title='bbox 935 839 999 881; x_wconf 89' lang='lat' dir='ltr'><strong>his</strong></span> <span class='ocrx_word' id='word_1_77' title='bbox 1038 839 1225 882; x_wconf 84' lang='lat' dir='ltr'><strong>conferas</strong></span> <span class='ocrx_word' id='word_1_78' title='bbox 1261 838 1394 881; x_wconf 81' lang='lat' dir='ltr'><strong>Thuo.</strong></span> <span class='ocrx_word' id='word_1_79' title='bbox 1433 838 1654 893; x_wconf 77' lang='lat'>11182,8:</span> <span class='ocrx_word' id='word_1_80' title='bbox 1704 838 1753 880; x_wconf 86' lang='grc' dir='ltr'>τὰ</span> <span class='ocrx_word' id='word_1_81' title='bbox 1797 840 1841 881; x_wconf 85' lang='grc' dir='ltr'>δὲ</span> 
     </span>
     <span class='ocr_line' id='line_1_10' title="bbox 203 912 1841 972; baseline -0.002 -14"><span class='ocrx_word' id='word_1_82' title='bbox 203 915 308 972; x_wconf 88' lang='grc' dir='ltr'>με’σα</span> <span class='ocrx_word' id='word_1_83' title='bbox 345 919 422 957; x_wconf 90' lang='grc' dir='ltr'>τῶν</span> <span class='ocrx_word' id='word_1_84' title='bbox 459 917 627 957; x_wconf 89' lang='grc' dir='ltr'>πολιτῶν</span> <span class='ocrx_word' id='word_1_85' title='bbox 664 912 729 956; x_wconf 82' lang='grc' dir='ltr'>ὑπ’</span> <span class='ocrx_word' id='word_1_86' title='bbox 775 914 1010 970; x_wconf 81' lang='grc' dir='ltr'>ἀμφοτέρων</span> <span class='ocrx_word' id='word_1_87' title='bbox 1047 914 1073 970; x_wconf 87' lang='grc' dir='ltr'>ἢ</span> <span class='ocrx_word' id='word_1_88' title='bbox 1114 913 1174 956; x_wconf 81' lang='grc' dir='ltr'>ὅτι</span> <span class='ocrx_word' id='word_1_89' title='bbox 1210 913 1256 956; x_wconf 88' lang='grc' dir='ltr'>οὐ</span> <span class='ocrx_word' id='word_1_90' title='bbox 1301 913 1600 968; x_wconf 74' lang='grc' dir='ltr'>Ευνηγωνίζοντο</span> <span class='ocrx_word' id='word_1_91' title='bbox 1637 914 1663 969; x_wconf 81' lang='grc' dir='ltr'>ἢ</span> <span class='ocrx_word' id='word_1_92' title='bbox 1700 913 1841 970; x_wconf 85' lang='grc' dir='ltr'>φθόνῳ</span> 
     </span>
     <span class='ocr_line' id='line_1_11' title="bbox 202 988 1842 1046; baseline -0.001 -13"><span class='ocrx_word' id='word_1_93' title='bbox 202 994 273 1033; x_wconf 82' lang='grc' dir='ltr'>τοῦ</span> <span class='ocrx_word' id='word_1_94' title='bbox 310 994 498 1046; x_wconf 86' lang='grc' dir='ltr'>περιεῖναι</span> <span class='ocrx_word' id='word_1_95' title='bbox 534 989 812 1045; x_wconf 76' lang='grc' dir='ltr'>διεφθείροντο.</span> <span class='ocrx_word' id='word_1_96' title='bbox 874 989 940 1032; x_wconf 85' lang='lat' dir='ltr'><strong>Fit</strong></span> <span class='ocrx_word' id='word_1_97' title='bbox 975 990 1102 1044; x_wconf 88' lang='lat' dir='ltr'><strong>igitur</strong></span> <span class='ocrx_word' id='word_1_98' title='bbox 1137 988 1180 1031; x_wconf 88' lang='lat' dir='ltr'><strong>id</strong></span> <span class='ocrx_word' id='word_1_99' title='bbox 1217 988 1327 1045; x_wconf 88' lang='lat' dir='ltr'><strong>quod</strong></span> <span class='ocrx_word' id='word_1_100' title='bbox 1367 988 1486 1031; x_wconf 85' lang='lat' dir='ltr'><strong>Plato</strong></span> <span class='ocrx_word' id='word_1_101' title='bbox 1524 989 1568 1031; x_wconf 90' lang='lat' dir='ltr'><strong>in</strong></span> <span class='ocrx_word' id='word_1_102' title='bbox 1604 989 1699 1044; x_wconf 87' lang='lat' dir='ltr'><strong>Leg.</strong></span> <span class='ocrx_word' id='word_1_103' title='bbox 1721 989 1842 1033; x_wconf 82' lang='lat' dir='ltr'><strong>626d</strong></span> 
     </span>
     <span class='ocr_line' id='line_1_12' title="bbox 203 1064 1842 1121; baseline -0.002 -12"><span class='ocrx_word' id='word_1_104' title='bbox 203 1066 326 1109; x_wconf 82' lang='lat' dir='ltr'><strong>dicit:</strong></span> <span class='ocrx_word' id='word_1_105' title='bbox 348 1067 392 1108; x_wconf 86' lang='grc' dir='ltr'>τὸ</span> <span class='ocrx_word' id='word_1_106' title='bbox 413 1066 625 1121; x_wconf 87' lang='grc' dir='ltr'>πολεμίους</span> <span class='ocrx_word' id='word_1_107' title='bbox 646 1064 744 1107; x_wconf 82' lang='grc' dir='ltr'>εἶναι</span> <span class='ocrx_word' id='word_1_108' title='bbox 769 1066 912 1110; x_wconf 80' lang='grc' dir='ltr'>πάντας</span> <span class='ocrx_word' id='word_1_109' title='bbox 933 1068 1064 1113; x_wconf 85' lang='grc' dir='ltr'>πᾶσιν,</span> <span class='ocrx_word' id='word_1_110' title='bbox 1086 1064 1187 1106; x_wconf 86' lang='lat' dir='ltr'><strong>item</strong></span> <span class='ocrx_word' id='word_1_111' title='bbox 1204 1064 1305 1120; x_wconf 76' lang='lat' dir='ltr'>Rep.</span> <span class='ocrx_word' id='word_1_112' title='bbox 1322 1064 1461 1106; x_wconf 79' lang='lat' dir='ltr'><strong>551d:</strong></span> <span class='ocrx_word' id='word_1_113' title='bbox 1484 1066 1529 1105; x_wconf 81' lang='grc' dir='ltr'>τὸ</span> <span class='ocrx_word' id='word_1_114' title='bbox 1552 1065 1605 1118; x_wconf 88' lang='grc' dir='ltr'>μὴ</span> <span class='ocrx_word' id='word_1_115' title='bbox 1630 1065 1719 1118; x_wconf 87' lang='grc' dir='ltr'>μίαν</span> <span class='ocrx_word' id='word_1_116' title='bbox 1741 1065 1842 1106; x_wconf 81' lang='grc' dir='ltr'>ἀλλὰ</span> 
     </span>
     <span class='ocr_line' id='line_1_13' title="bbox 203 1139 1843 1196; baseline -0.002 -12"><span class='ocrx_word' id='word_1_117' title='bbox 203 1141 275 1184; x_wconf 82' lang='grc' dir='ltr'>δύο</span> <span class='ocrx_word' id='word_1_118' title='bbox 306 1142 456 1196; x_wconf 79' lang='grc' dir='ltr'>ἀνάγκη</span> <span class='ocrx_word' id='word_1_119' title='bbox 487 1140 585 1183; x_wconf 81' lang='grc' dir='ltr'>εἶναι</span> <span class='ocrx_word' id='word_1_120' title='bbox 616 1142 686 1195; x_wconf 86' lang='grc' dir='ltr'>τὴν</span> <span class='ocrx_word' id='word_1_121' title='bbox 717 1140 897 1196; x_wconf 82' lang='grc' dir='ltr'>τοιαύτην</span> <span class='ocrx_word' id='word_1_122' title='bbox 929 1140 1055 1193; x_wconf 83' lang='grc' dir='ltr'>πόλιν,</span> <span class='ocrx_word' id='word_1_123' title='bbox 1076 1140 1146 1194; x_wconf 88' lang='grc' dir='ltr'>τὴν</span> <span class='ocrx_word' id='word_1_124' title='bbox 1170 1140 1239 1194; x_wconf 84' lang='grc' dir='ltr'>μὲν</span> <span class='ocrx_word' id='word_1_125' title='bbox 1261 1140 1453 1194; x_wconf 86' lang='grc' dir='ltr'>πενήτων,</span> <span class='ocrx_word' id='word_1_126' title='bbox 1475 1139 1545 1194; x_wconf 85' lang='grc' dir='ltr'>τὴν</span> <span class='ocrx_word' id='word_1_127' title='bbox 1568 1140 1611 1181; x_wconf 87' lang='grc' dir='ltr'>δὲ</span> <span class='ocrx_word' id='word_1_128' title='bbox 1632 1140 1843 1188; x_wconf 81' lang='grc' dir='ltr'>πλουσίων,</span> 
     </span>
     <span class='ocr_line' id='line_1_14' title="bbox 203 1215 1845 1272; baseline -0.001 -13"><span class='ocrx_word' id='word_1_129' title='bbox 203 1218 405 1261; x_wconf 78' lang='grc' dir='ltr'>οἰκοῦντας</span> <span class='ocrx_word' id='word_1_130' title='bbox 447 1217 488 1258; x_wconf 84' lang='grc' dir='ltr'>ἐν</span> <span class='ocrx_word' id='word_1_131' title='bbox 525 1220 582 1272; x_wconf 81' lang='grc' dir='ltr'>τῷ</span> <span class='ocrx_word' id='word_1_132' title='bbox 619 1215 742 1271; x_wconf 77' lang='grc' dir='ltr'>αὐτῷ,</span> <span class='ocrx_word' id='word_1_133' title='bbox 781 1216 842 1257; x_wconf 85' lang='grc' dir='ltr'>ἀεὶ</span> <span class='ocrx_word' id='word_1_134' title='bbox 878 1215 1204 1271; x_wconf 84' lang='grc' dir='ltr'>ἐπιβουλεύοντας</span> <span class='ocrx_word' id='word_1_135' title='bbox 1241 1215 1440 1270; x_wconf 85' lang='grc' dir='ltr'>ἀλλήλοις.</span> <span class='ocrx_word' id='word_1_136' title='bbox 1506 1216 1621 1266; x_wconf 86' lang='lat' dir='ltr'><strong>Quae</strong></span> <span class='ocrx_word' id='word_1_137' title='bbox 1657 1229 1753 1258; x_wconf 83' lang='lat' dir='ltr'>cum</span> <span class='ocrx_word' id='word_1_138' title='bbox 1784 1215 1845 1258; x_wconf 81' lang='lat' dir='ltr'><strong>ita</strong></span> 
     </span>
     <span class='ocr_line' id='line_1_15' title="bbox 205 1289 1846 1347; baseline -0.002 -12"><span class='ocrx_word' id='word_1_139' title='bbox 205 1299 356 1342; x_wconf 77' lang='lat' dir='ltr'><strong>essent,</strong></span> <span class='ocrx_word' id='word_1_140' title='bbox 372 1292 451 1334; x_wconf 88' lang='lat' dir='ltr'><strong>nisi</strong></span> <span class='ocrx_word' id='word_1_141' title='bbox 470 1292 578 1334; x_wconf 83' lang='lat' dir='ltr'><strong>bona</strong></span> <span class='ocrx_word' id='word_1_142' title='bbox 593 1290 855 1347; x_wconf 79' lang='lat' dir='ltr'><strong>aequabilius</strong></span> <span class='ocrx_word' id='word_1_143' title='bbox 870 1290 1236 1344; x_wconf 81' lang='lat' dir='ltr'><strong>distribuerentur,</strong></span> <span class='ocrx_word' id='word_1_144' title='bbox 1254 1290 1353 1332; x_wconf 86' lang='lat' dir='ltr'><strong>haec</strong></span> <span class='ocrx_word' id='word_1_145' title='bbox 1370 1290 1429 1332; x_wconf 84' lang='lat' dir='ltr'><strong>rei</strong></span> <span class='ocrx_word' id='word_1_146' title='bbox 1447 1290 1637 1346; x_wconf 83' lang='lat' dir='ltr'><strong>publicae</strong></span> <span class='ocrx_word' id='word_1_147' title='bbox 1655 1289 1846 1346; x_wconf 80' lang='lat' dir='ltr'><strong>pestis⁸⁰&gt;</strong></span> 
     </span>
     <span class='ocr_line' id='line_1_16' title="bbox 205 1365 1846 1423; baseline -0.002 -13"><span class='ocrx_word' id='word_1_148' title='bbox 205 1367 347 1411; x_wconf 79' lang='lat' dir='ltr'><strong>sanari</strong></span> <span class='ocrx_word' id='word_1_149' title='bbox 376 1381 459 1410; x_wconf 91' lang='lat' dir='ltr'>non</span> <span class='ocrx_word' id='word_1_150' title='bbox 497 1379 617 1423; x_wconf 88' lang='lat' dir='ltr'><strong>posse</strong></span> <span class='ocrx_word' id='word_1_151' title='bbox 652 1365 894 1408; x_wconf 80' lang='lat' dir='ltr'><strong>videbatur:</strong></span> <span class='ocrx_word' id='word_1_152' title='bbox 926 1366 1038 1407; x_wconf 85' lang='grc' dir='ltr'>δοκεῖ</span> <span class='ocrx_word' id='word_1_153' title='bbox 1078 1366 1151 1421; x_wconf 91' lang='grc' dir='ltr'>γάρ</span> <span class='ocrx_word' id='word_1_154' title='bbox 1198 1379 1272 1407; x_wconf 88' lang='grc' dir='ltr'>τισι</span> <span class='ocrx_word' id='word_1_155' title='bbox 1318 1365 1367 1406; x_wconf 86' lang='grc' dir='ltr'>τὸ</span> <span class='ocrx_word' id='word_1_156' title='bbox 1415 1365 1521 1419; x_wconf 80' lang='grc' dir='ltr'>περὶ</span> <span class='ocrx_word' id='word_1_157' title='bbox 1567 1365 1636 1410; x_wconf 85' lang='grc' dir='ltr'>τὰς</span> <span class='ocrx_word' id='word_1_158' title='bbox 1680 1365 1846 1411; x_wconf 82' lang='grc' dir='ltr'>οὐσίας</span> 
     </span>
     <span class='ocr_line' id='line_1_17' title="bbox 205 1440 1850 1497; baseline -0.001 -13"><span class='ocrx_word' id='word_1_159' title='bbox 205 1442 331 1485; x_wconf 80' lang='grc' dir='ltr'>εἶναι</span> <span class='ocrx_word' id='word_1_160' title='bbox 361 1441 583 1497; x_wconf 85' lang='grc' dir='ltr'>μέγιστον</span> <span class='ocrx_word' id='word_1_161' title='bbox 614 1443 847 1497; x_wconf 81' lang='grc' dir='ltr'>τετάχθαι</span> <span class='ocrx_word' id='word_1_162' title='bbox 883 1443 1056 1486; x_wconf 86' lang='grc' dir='ltr'>καλῶς·</span> <span class='ocrx_word' id='word_1_163' title='bbox 1104 1442 1210 1495; x_wconf 85' lang='grc' dir='ltr'>περὶ</span> <span class='ocrx_word' id='word_1_164' title='bbox 1256 1440 1341 1496; x_wconf 83' lang='grc' dir='ltr'>γὰρ</span> <span class='ocrx_word' id='word_1_165' title='bbox 1378 1441 1558 1482; x_wconf 89' lang='grc' dir='ltr'>τούτων</span> <span class='ocrx_word' id='word_1_166' title='bbox 1597 1441 1850 1483; x_wconf 82' lang='grc' dir='ltr'>ποιεῖσθαί</span> 
     </span>
     <span class='ocr_line' id='line_1_18' title="bbox 204 1515 1846 1573; baseline -0.001 -13"><span class='ocrx_word' id='word_1_167' title='bbox 204 1532 320 1573; x_wconf 90' lang='grc' dir='ltr'>φασι</span> <span class='ocrx_word' id='word_1_168' title='bbox 349 1517 429 1563; x_wconf 81' lang='grc' dir='ltr'>τὰς</span> <span class='ocrx_word' id='word_1_169' title='bbox 460 1518 651 1561; x_wconf 78' lang='grc' dir='ltr'>στάσεις</span> <span class='ocrx_word' id='word_1_170' title='bbox 679 1517 868 1562; x_wconf 86' lang='grc' dir='ltr'>πάντας.</span> <span class='ocrx_word' id='word_1_171' title='bbox 901 1517 960 1558; x_wconf 84' lang='grc' dir='ltr'>διὸ</span> <span class='ocrx_word' id='word_1_172' title='bbox 989 1516 1149 1561; x_wconf 82' lang='grc' dir='ltr'>Φαλέας</span> <span class='ocrx_word' id='word_1_173' title='bbox 1171 1516 1191 1557; x_wconf 76' lang='grc' dir='ltr'><strong>ὃ</strong></span> <span class='ocrx_word' id='word_1_174' title='bbox 1215 1515 1486 1572; x_wconf 82' lang='grc' dir='ltr'>Χαλκηδόνιος</span> <span class='ocrx_word' id='word_1_175' title='bbox 1512 1515 1616 1558; x_wconf 80' lang='grc' dir='ltr'>τοῦτ’</span> <span class='ocrx_word' id='word_1_176' title='bbox 1645 1517 1846 1571; x_wconf 78' lang='grc' dir='ltr'>εἰσήνεγκε</span> 
     </span>
     <span class='ocr_line' id='line_1_19' title="bbox 205 1590 1847 1648; baseline 0 -14"><span class='ocrx_word' id='word_1_177' title='bbox 205 1596 373 1647; x_wconf 82' lang='grc' dir='ltr'>πρῶτος.</span> <span class='ocrx_word' id='word_1_178' title='bbox 405 1593 503 1648; x_wconf 87' lang='grc' dir='ltr'>φησὶ</span> <span class='ocrx_word' id='word_1_179' title='bbox 533 1592 605 1646; x_wconf 81' lang='grc' dir='ltr'>γὰρ</span> <span class='ocrx_word' id='word_1_180' title='bbox 637 1593 717 1633; x_wconf 80' lang='grc' dir='ltr'>δεῖν</span> <span class='ocrx_word' id='word_1_181' title='bbox 749 1590 835 1637; x_wconf 81' lang='grc' dir='ltr'>ἴσας</span> <span class='ocrx_word' id='word_1_182' title='bbox 866 1591 963 1633; x_wconf 81' lang='grc' dir='ltr'>εἶναι</span> <span class='ocrx_word' id='word_1_183' title='bbox 994 1592 1063 1637; x_wconf 86' lang='grc' dir='ltr'>τὰς</span> <span class='ocrx_word' id='word_1_184' title='bbox 1093 1592 1251 1646; x_wconf 84' lang='grc' dir='ltr'>κτήσεις</span> <span class='ocrx_word' id='word_1_185' title='bbox 1281 1594 1358 1632; x_wconf 91' lang='grc' dir='ltr'>τῶν</span> <span class='ocrx_word' id='word_1_186' title='bbox 1389 1593 1558 1633; x_wconf 86' lang='grc' dir='ltr'>πολιτῶν</span> <span class='ocrx_word' id='word_1_187' title='bbox 1589 1591 1738 1646; x_wconf 81' lang='lat' dir='ltr'><strong>(Arist.</strong></span> <span class='ocrx_word' id='word_1_188' title='bbox 1760 1592 1847 1635; x_wconf 89' lang='lat' dir='ltr'><strong>Pol.</strong></span> 
     </span>
     <span class='ocr_line' id='line_1_20' title="bbox 207 1666 1848 1722; baseline -0.001 -11"><span class='ocrx_word' id='word_1_189' title='bbox 207 1668 242 1711; x_wconf 89' lang='lat' dir='ltr'>B</span> <span class='ocrx_word' id='word_1_190' title='bbox 275 1668 313 1710; x_wconf 84' lang='lat'>7.</span> <span class='ocrx_word' id='word_1_191' title='bbox 349 1667 483 1710; x_wconf 70' lang='lat'>12662</span> <span class='ocrx_word' id='word_1_192' title='bbox 500 1667 568 1710; x_wconf 85' lang='lat'>36.</span> <span class='ocrx_word' id='word_1_193' title='bbox 636 1666 830 1710; x_wconf 81' lang='lat' dir='ltr'><strong>Vorsok.²</strong></span> <span class='ocrx_word' id='word_1_194' title='bbox 862 1667 880 1709; x_wconf 97' lang='lat' dir='ltr'>I</span> <span class='ocrx_word' id='word_1_195' title='bbox 908 1667 1047 1722; x_wconf 55' lang='lat'>2731).</span> <span class='ocrx_word' id='word_1_196' title='bbox 1122 1667 1203 1710; x_wconf 84' lang='lat' dir='ltr'>Sed</span> <span class='ocrx_word' id='word_1_197' title='bbox 1235 1666 1307 1709; x_wconf 84' lang='lat' dir='ltr'><strong>alii</strong></span> <span class='ocrx_word' id='word_1_198' title='bbox 1338 1666 1454 1709; x_wconf 84' lang='lat' dir='ltr'><strong>aliud</strong></span> <span class='ocrx_word' id='word_1_199' title='bbox 1483 1667 1750 1710; x_wconf 58' lang='lat' dir='ltr'><strong>sentiebant:</strong></span> <span class='ocrx_word' id='word_1_200' title='bbox 1789 1668 1848 1710; x_wconf 84' lang='lat' dir='ltr'><strong>Ut</strong></span> 
     </span>
     <span class='ocr_line' id='line_1_21' title="bbox 207 1742 1846 1799; baseline -0.002 -12"><span class='ocrx_word' id='word_1_201' title='bbox 207 1749 355 1787; x_wconf 77' lang='lat' dir='ltr'><strong>auctor</strong></span> <span class='ocrx_word' id='word_1_202' title='bbox 383 1743 455 1786; x_wconf 87' lang='lat' dir='ltr'><strong>ille</strong></span> <span class='ocrx_word' id='word_1_203' title='bbox 486 1742 719 1796; x_wconf 85' lang='lat' dir='ltr'><strong>Iamblichi‚</strong></span> <span class='ocrx_word' id='word_1_204' title='bbox 753 1756 878 1799; x_wconf 91' lang='lat' dir='ltr'><strong>quem</strong></span> <span class='ocrx_word' id='word_1_205' title='bbox 912 1742 1097 1784; x_wconf 80' lang='lat' dir='ltr'><strong>Blassius</strong></span> <span class='ocrx_word' id='word_1_206' title='bbox 1128 1742 1301 1792; x_wconf 85' lang='lat' dir='ltr'><strong>detexit,</strong></span> <span class='ocrx_word' id='word_1_207' title='bbox 1333 1742 1442 1797; x_wconf 67' lang='lat' dir='ltr'><strong>leges</strong></span> <span class='ocrx_word' id='word_1_208' title='bbox 1478 1742 1756 1798; x_wconf 84' lang='lat' dir='ltr'><strong>institutaque</strong></span> <span class='ocrx_word' id='word_1_209' title='bbox 1786 1742 1846 1784; x_wconf 88' lang='lat' dir='ltr'><strong>rei</strong></span> 
     </span>
     <span class='ocr_line' id='line_1_22' title="bbox 208 1817 1846 1875; baseline -0.001 -14"><span class='ocrx_word' id='word_1_210' title='bbox 208 1818 401 1875; x_wconf 76' lang='lat' dir='ltr'><strong>publicae</strong></span> <span class='ocrx_word' id='word_1_211' title='bbox 438 1818 541 1861; x_wconf 86' lang='lat' dir='ltr'><strong>adeo</strong></span> <span class='ocrx_word' id='word_1_212' title='bbox 579 1832 663 1860; x_wconf 91' lang='lat' dir='ltr'>non</span> <span class='ocrx_word' id='word_1_213' title='bbox 700 1817 998 1860; x_wconf 83' lang='lat' dir='ltr'><strong>commutanda</strong></span> <span class='ocrx_word' id='word_1_214' title='bbox 1037 1831 1126 1860; x_wconf 85' lang='lat' dir='ltr'><strong>esse</strong></span> <span class='ocrx_word' id='word_1_215' title='bbox 1165 1823 1319 1869; x_wconf 87' lang='lat' dir='ltr'><strong>censet,</strong></span> <span class='ocrx_word' id='word_1_216' title='bbox 1358 1823 1405 1859; x_wconf 89' lang='lat' dir='ltr'><strong>ut</strong></span> <span class='ocrx_word' id='word_1_217' title='bbox 1449 1817 1492 1860; x_wconf 92' lang='lat' dir='ltr'><strong>in</strong></span> <span class='ocrx_word' id='word_1_218' title='bbox 1530 1818 1759 1860; x_wconf 85' lang='lat' dir='ltr'><strong>retinendis</strong></span> <span class='ocrx_word' id='word_1_219' title='bbox 1795 1818 1846 1860; x_wconf 89' lang='lat' dir='ltr'>iis</span> 
     </span>
     <span class='ocr_line' id='line_1_23' title="bbox 207 1891 1848 1949; baseline -0.001 -13"><span class='ocrx_word' id='word_1_220' title='bbox 207 1893 510 1949; x_wconf 81' lang='lat' dir='ltr'><strong>diligenterque</strong></span> <span class='ocrx_word' id='word_1_221' title='bbox 548 1892 818 1935; x_wconf 83' lang='lat' dir='ltr'><strong>observandis</strong></span> <span class='ocrx_word' id='word_1_222' title='bbox 854 1907 1064 1935; x_wconf 85' lang='lat' dir='ltr'><strong>summam</strong></span> <span class='ocrx_word' id='word_1_223' title='bbox 1102 1892 1282 1935; x_wconf 80' lang='lat' dir='ltr'><strong>salutem</strong></span> <span class='ocrx_word' id='word_1_224' title='bbox 1323 1898 1451 1948; x_wconf 81' lang='lat' dir='ltr'><strong>ponat</strong></span> <span class='ocrx_word' id='word_1_225' title='bbox 1478 1892 1552 1947; x_wconf 87' lang='lat' dir='ltr'><strong>(cf.</strong></span> <span class='ocrx_word' id='word_1_226' title='bbox 1588 1891 1776 1935; x_wconf 79' lang='lat' dir='ltr'>vorsok.⁹</span> <span class='ocrx_word' id='word_1_227' title='bbox 1809 1892 1848 1934; x_wconf 90' lang='lat' dir='ltr'>Il</span> 
     </span>
     <span class='ocr_line' id='line_1_24' title="bbox 213 1967 1848 2025; baseline -0.001 -14"><span class='ocrx_word' id='word_1_228' title='bbox 213 1971 251 2022; x_wconf 93' lang='lat'>1,</span> <span class='ocrx_word' id='word_1_229' title='bbox 281 1968 350 2011; x_wconf 81' lang='lat'>82.</span> <span class='ocrx_word' id='word_1_230' title='bbox 382 1968 463 2021; x_wconf 89' lang='grc'>6,1</span> <span class='ocrx_word' id='word_1_231' title='bbox 498 1983 538 2025; x_wconf 86' lang='lat' dir='ltr'>p.</span> <span class='ocrx_word' id='word_1_232' title='bbox 569 1967 667 2020; x_wconf 84' lang='lat'>632,</span> <span class='ocrx_word' id='word_1_233' title='bbox 690 1967 780 2022; x_wconf 85' lang='lat'><strong>23).</strong></span> <span class='ocrx_word' id='word_1_234' title='bbox 862 1967 952 2009; x_wconf 88' lang='lat' dir='ltr'><strong>Nisi</strong></span> <span class='ocrx_word' id='word_1_235' title='bbox 998 1967 1110 2009; x_wconf 86' lang='lat' dir='ltr'><strong>enim</strong></span> <span class='ocrx_word' id='word_1_236' title='bbox 1157 1967 1267 2022; x_wconf 84' lang='lat' dir='ltr'><strong>leges</strong></span> <span class='ocrx_word' id='word_1_237' title='bbox 1313 1967 1493 2022; x_wconf 82' lang='lat' dir='ltr'><strong>valeant,</strong></span> <span class='ocrx_word' id='word_1_238' title='bbox 1541 1980 1679 2022; x_wconf 86' lang='lat' dir='ltr'><strong>neque</strong></span> <span class='ocrx_word' id='word_1_239' title='bbox 1723 1967 1848 2010; x_wconf 82' lang='lat' dir='ltr'><strong>fidem</strong></span> 
     </span>
     <span class='ocr_line' id='line_1_25' title="bbox 210 2042 1848 2098; baseline -0.001 -13"><span class='ocrx_word' id='word_1_240' title='bbox 210 2043 342 2086; x_wconf 77' lang='lat' dir='ltr'><strong>ullam</strong></span> <span class='ocrx_word' id='word_1_241' title='bbox 373 2057 461 2086; x_wconf 86' lang='lat' dir='ltr'><strong>esse</strong></span> <span class='ocrx_word' id='word_1_242' title='bbox 491 2056 626 2098; x_wconf 86' lang='lat' dir='ltr'><strong>neque</strong></span> <span class='ocrx_word' id='word_1_243' title='bbox 656 2043 898 2085; x_wconf 78' lang='lat' dir='ltr'><strong>societatem</strong></span> <span class='ocrx_word' id='word_1_244' title='bbox 929 2042 1164 2085; x_wconf 88' lang='lat' dir='ltr'><strong>communis</strong></span> <span class='ocrx_word' id='word_1_245' title='bbox 1197 2042 1394 2085; x_wconf 79' lang='lat' dir='ltr'><strong>utilitatis</strong></span> <span class='ocrx_word' id='word_1_246' title='bbox 1416 2056 1558 2085; x_wconf 83' lang='lat' dir='ltr'><strong>causa:</strong></span> <span class='ocrx_word' id='word_1_247' title='bbox 1591 2043 1748 2087; x_wconf 84' lang='grc' dir='ltr'>πίστις</span> <span class='ocrx_word' id='word_1_248' title='bbox 1779 2043 1848 2097; x_wconf 82' lang='grc' dir='ltr'>μὲν</span> 
     </span>
     <span class='ocr_line' id='line_1_26' title="bbox 208 2117 1849 2174; baseline 0.001 -15"><span class='ocrx_word' id='word_1_249' title='bbox 208 2120 348 2174; x_wconf 84' lang='grc' dir='ltr'>πρώτη</span> <span class='ocrx_word' id='word_1_250' title='bbox 380 2117 591 2172; x_wconf 75' lang='grc' dir='ltr'>ἐγγίγνεται</span> <span class='ocrx_word' id='word_1_251' title='bbox 621 2118 666 2160; x_wconf 86' lang='grc' dir='ltr'>ἐκ</span> <span class='ocrx_word' id='word_1_252' title='bbox 697 2120 767 2173; x_wconf 84' lang='grc' dir='ltr'>τῆς</span> <span class='ocrx_word' id='word_1_253' title='bbox 796 2117 980 2172; x_wconf 80' lang='grc' dir='ltr'>εὐνομίας</span> <span class='ocrx_word' id='word_1_254' title='bbox 1012 2118 1161 2172; x_wconf 83' lang='grc' dir='ltr'>μεγάλα</span> <span class='ocrx_word' id='word_1_255' title='bbox 1198 2119 1452 2170; x_wconf 83' lang='grc' dir='ltr'>ὠφελοῦσα</span> <span class='ocrx_word' id='word_1_256' title='bbox 1489 2117 1578 2163; x_wconf 84' lang='grc' dir='ltr'>τοὺς</span> <span class='ocrx_word' id='word_1_257' title='bbox 1615 2118 1849 2174; x_wconf 79' lang='grc' dir='ltr'>ἀνθρώπους</span> 
     </span>
     <span class='ocr_line' id='line_1_27' title="bbox 209 2192 1850 2250; baseline 0 -15"><span class='ocrx_word' id='word_1_258' title='bbox 209 2193 302 2239; x_wconf 78' lang='grc' dir='ltr'>τοὺς</span> <span class='ocrx_word' id='word_1_259' title='bbox 330 2193 570 2250; x_wconf 80' lang='grc' dir='ltr'>σύμπαντας,</span> <span class='ocrx_word' id='word_1_260' title='bbox 608 2194 672 2235; x_wconf 91' lang='grc' dir='ltr'>καὶ</span> <span class='ocrx_word' id='word_1_261' title='bbox 709 2197 788 2235; x_wconf 89' lang='grc' dir='ltr'>τῶν</span> <span class='ocrx_word' id='word_1_262' title='bbox 826 2195 1007 2248; x_wconf 87' lang='grc' dir='ltr'>μεγάλων</span> <span class='ocrx_word' id='word_1_263' title='bbox 1046 2194 1207 2248; x_wconf 81' lang='grc' dir='ltr'>ἀγαθῶν</span> <span class='ocrx_word' id='word_1_264' title='bbox 1245 2192 1359 2235; x_wconf 82' lang='grc' dir='ltr'>τοῦτό</span> <span class='ocrx_word' id='word_1_265' title='bbox 1396 2194 1496 2235; x_wconf 81' lang='grc' dir='ltr'>ἐστι·</span> <span class='ocrx_word' id='word_1_266' title='bbox 1530 2193 1662 2235; x_wconf 84' lang='grc' dir='ltr'>κοινὰ</span> <span class='ocrx_word' id='word_1_267' title='bbox 1692 2194 1764 2249; x_wconf 86' lang='grc' dir='ltr'>γὰρ</span> <span class='ocrx_word' id='word_1_268' title='bbox 1796 2194 1850 2235; x_wconf 84' lang='grc' dir='ltr'>τὰ</span> 
     </span>
     <span class='ocr_line' id='line_1_28' title="bbox 209 2267 1852 2326; baseline 0.001 -16"><span class='ocrx_word' id='word_1_269' title='bbox 209 2269 437 2326; x_wconf 81' lang='grc' dir='ltr'>χρήματα</span> <span class='ocrx_word' id='word_1_270' title='bbox 472 2269 639 2324; x_wconf 87' lang='grc' dir='ltr'>γίγνεται</span> <span class='ocrx_word' id='word_1_271' title='bbox 675 2268 716 2315; x_wconf 78' lang='grc' dir='ltr'>ἐξ</span> <span class='ocrx_word' id='word_1_272' title='bbox 752 2268 887 2324; x_wconf 79' lang='grc' dir='ltr'>αὐτῆς,</span> <span class='ocrx_word' id='word_1_273' title='bbox 926 2271 989 2311; x_wconf 91' lang='grc' dir='ltr'>καὶ</span> <span class='ocrx_word' id='word_1_274' title='bbox 1027 2269 1131 2311; x_wconf 81' lang='grc' dir='ltr'>οὕτω</span> <span class='ocrx_word' id='word_1_275' title='bbox 1169 2269 1238 2322; x_wconf 85' lang='grc' dir='ltr'>μὲν</span> <span class='ocrx_word' id='word_1_276' title='bbox 1275 2269 1343 2311; x_wconf 84' lang='grc' dir='ltr'>ἐὰν</span> <span class='ocrx_word' id='word_1_277' title='bbox 1382 2270 1446 2311; x_wconf 83' lang='grc' dir='ltr'>καὶ</span> <span class='ocrx_word' id='word_1_278' title='bbox 1484 2269 1594 2324; x_wconf 83' lang='grc' dir='ltr'>ὀλίγα</span> <span class='ocrx_word' id='word_1_279' title='bbox 1631 2267 1658 2325; x_wconf 76' lang='grc' dir='ltr'>ᾗ</span> <span class='ocrx_word' id='word_1_280' title='bbox 1697 2269 1852 2325; x_wconf 75' lang='grc' dir='ltr'>ἐξαρκεῖ</span> 
     </span>
     <span class='ocr_line' id='line_1_29' title="bbox 213 2342 1850 2400; baseline 0 -14"><span class='ocrx_word' id='word_1_281' title='bbox 213 2343 323 2398; x_wconf 83' lang='grc' dir='ltr'>ὅμως</span> <span class='ocrx_word' id='word_1_282' title='bbox 352 2344 672 2399; x_wconf 79' lang='grc' dir='ltr'>κυκλούμενα,</span> <span class='ocrx_word' id='word_1_283' title='bbox 705 2343 799 2386; x_wconf 82' lang='grc' dir='ltr'>ἄνευ</span> <span class='ocrx_word' id='word_1_284' title='bbox 831 2345 874 2386; x_wconf 84' lang='grc' dir='ltr'>δὲ</span> <span class='ocrx_word' id='word_1_285' title='bbox 910 2344 1052 2400; x_wconf 88' lang='grc' dir='ltr'>ταύτης</span> <span class='ocrx_word' id='word_1_286' title='bbox 1087 2343 1172 2386; x_wconf 81' lang='grc' dir='ltr'>οὐδ’</span> <span class='ocrx_word' id='word_1_287' title='bbox 1215 2343 1262 2386; x_wconf 80' lang='grc' dir='ltr'>ἄν</span> <span class='ocrx_word' id='word_1_288' title='bbox 1294 2345 1419 2386; x_wconf 80' lang='grc' dir='ltr'>πολλὰ</span> <span class='ocrx_word' id='word_1_289' title='bbox 1455 2342 1482 2399; x_wconf 77' lang='grc' dir='ltr'>ᾖ</span> <span class='ocrx_word' id='word_1_290' title='bbox 1518 2344 1682 2400; x_wconf 77' lang='grc' dir='ltr'>ἐξαρκεῖ.</span> <span class='ocrx_word' id='word_1_291' title='bbox 1716 2346 1779 2387; x_wconf 88' lang='grc' dir='ltr'>καὶ</span> <span class='ocrx_word' id='word_1_292' title='bbox 1810 2346 1850 2386; x_wconf 88' lang='grc' dir='ltr'>αἱ</span> 
     </span>
     <span class='ocr_line' id='line_1_30' title="bbox 210 2419 1850 2476; baseline 0 -14"><span class='ocrx_word' id='word_1_293' title='bbox 210 2419 329 2476; x_wconf 87' lang='grc' dir='ltr'>τύχαι</span> <span class='ocrx_word' id='word_1_294' title='bbox 349 2420 393 2462; x_wconf 77' lang='grc' dir='ltr'>δὲ</span> <span class='ocrx_word' id='word_1_295' title='bbox 413 2420 453 2461; x_wconf 89' lang='grc' dir='ltr'>αἱ</span> <span class='ocrx_word' id='word_1_296' title='bbox 484 2420 540 2466; x_wconf 76' lang='grc' dir='ltr'>εἰς</span> <span class='ocrx_word' id='word_1_297' title='bbox 572 2421 620 2462; x_wconf 81' lang='grc' dir='ltr'>τὰ</span> <span class='ocrx_word' id='word_1_298' title='bbox 651 2421 837 2476; x_wconf 83' lang='grc' dir='ltr'>χρήματα</span> <span class='ocrx_word' id='word_1_299' title='bbox 868 2421 932 2462; x_wconf 90' lang='grc' dir='ltr'>καὶ</span> <span class='ocrx_word' id='word_1_300' title='bbox 964 2420 1029 2461; x_wconf 87' lang='grc' dir='ltr'>τὸν</span> <span class='ocrx_word' id='word_1_301' title='bbox 1063 2419 1158 2475; x_wconf 88' lang='grc' dir='ltr'>βίον,</span> <span class='ocrx_word' id='word_1_302' title='bbox 1189 2419 1238 2461; x_wconf 71' lang='grc' dir='ltr'>αἵ</span> <span class='ocrx_word' id='word_1_303' title='bbox 1262 2435 1304 2461; x_wconf 89' lang='grc' dir='ltr'>τε</span> <span class='ocrx_word' id='word_1_304' title='bbox 1336 2420 1482 2474; x_wconf 87' lang='grc' dir='ltr'>ἀγαθαὶ</span> <span class='ocrx_word' id='word_1_305' title='bbox 1513 2422 1577 2462; x_wconf 84' lang='grc' dir='ltr'>καὶ</span> <span class='ocrx_word' id='word_1_306' title='bbox 1609 2421 1679 2475; x_wconf 85' lang='grc' dir='ltr'>μή,</span> <span class='ocrx_word' id='word_1_307' title='bbox 1713 2420 1758 2462; x_wconf 88' lang='grc' dir='ltr'>ἐκ</span> <span class='ocrx_word' id='word_1_308' title='bbox 1779 2424 1850 2476; x_wconf 79' lang='grc' dir='ltr'>τῆς</span> 
     </span>
     <span class='ocr_line' id='line_1_31' title="bbox 209 2493 1850 2551; baseline 0.001 -15"><span class='ocrx_word' id='word_1_309' title='bbox 209 2493 394 2549; x_wconf 79' lang='grc' dir='ltr'>εὐνομίας</span> <span class='ocrx_word' id='word_1_310' title='bbox 442 2498 522 2540; x_wconf 84' lang='grc' dir='ltr'>τοῖς</span> <span class='ocrx_word' id='word_1_311' title='bbox 566 2495 792 2551; x_wconf 87' lang='grc' dir='ltr'>ἀνθρώποις</span> <span class='ocrx_word' id='word_1_312' title='bbox 842 2497 1154 2550; x_wconf 84' lang='grc' dir='ltr'>προσφορώτατα</span> <span class='ocrx_word' id='word_1_313' title='bbox 1204 2495 1486 2551; x_wconf 87' lang='grc' dir='ltr'>κυβερνῶνται·</span> <span class='ocrx_word' id='word_1_314' title='bbox 1548 2494 1637 2541; x_wconf 90' lang='grc' dir='ltr'>τούς</span> <span class='ocrx_word' id='word_1_315' title='bbox 1686 2511 1729 2537; x_wconf 90' lang='grc' dir='ltr'>τε</span> <span class='ocrx_word' id='word_1_316' title='bbox 1777 2497 1850 2551; x_wconf 81' lang='grc' dir='ltr'>γὰρ</span> 
     </span>
     <span class='ocr_line' id='line_1_32' title="bbox 212 2569 1850 2627; baseline 0.001 -15"><span class='ocrx_word' id='word_1_317' title='bbox 212 2569 478 2627; x_wconf 81' lang='grc' dir='ltr'>εὐτυχοῦντας</span> <span class='ocrx_word' id='word_1_318' title='bbox 514 2570 686 2626; x_wconf 82' lang='grc' dir='ltr'>ἀσφαλεῖ</span> <span class='ocrx_word' id='word_1_319' title='bbox 720 2570 822 2626; x_wconf 79' lang='grc' dir='ltr'>αὐτῇ</span> <span class='ocrx_word' id='word_1_320' title='bbox 861 2571 1038 2627; x_wconf 81' lang='grc' dir='ltr'>χρῆσθαι</span> <span class='ocrx_word' id='word_1_321' title='bbox 1076 2571 1140 2612; x_wconf 82' lang='grc' dir='ltr'>καὶ</span> <span class='ocrx_word' id='word_1_322' title='bbox 1187 2570 1517 2627; x_wconf 56' lang='grc' dir='ltr'>ἀνεπιβουλεύτου,</span> <span class='ocrx_word' id='word_1_323' title='bbox 1564 2570 1671 2616; x_wconf 87' lang='grc' dir='ltr'>τούς</span> <span class='ocrx_word' id='word_1_324' title='bbox 1708 2586 1756 2612; x_wconf 91' lang='grc' dir='ltr'>τε</span> <span class='ocrx_word' id='word_1_325' title='bbox 1795 2569 1850 2613; x_wconf 83' lang='grc' dir='ltr'>αὖ</span> 
     </span>
    </p>
   </div>
   <div class='ocr_carea' id='block_1_3' title="bbox 215 2669 485 2675">
    <p class='ocr_par' dir='ltr' id='par_1_3' title="bbox 215 2669 485 2675">
     <span class='ocr_line' id='line_1_33' title="bbox 215 2669 485 2675; baseline 0 0"><span class='ocrx_word' id='word_1_326' title='bbox 215 2669 485 2675; x_wconf 95' lang='lat' dir='ltr'> </span> 
     </span>
    </p>
   </div>
   <div class='ocr_carea' id='block_1_4' title="bbox 216 2713 1852 2879">
    <p class='ocr_par' dir='ltr' id='par_1_4' title="bbox 216 2713 1852 2879">
     <span class='ocr_line' id='line_1_34' title="bbox 341 2713 947 2762; baseline 0 -14"><span class='ocrx_word' id='word_1_327' title='bbox 341 2713 383 2756; x_wconf 74' lang='lat'>²⁹)</span> <span class='ocrx_word' id='word_1_328' title='bbox 409 2714 567 2756; x_wconf 70' lang='lat' dir='ltr'><strong>Wilam.;</strong></span> <span class='ocrx_word' id='word_1_329' title='bbox 594 2713 658 2749; x_wconf 83' lang='grc' dir='ltr'>οὐκ</span> <span class='ocrx_word' id='word_1_330' title='bbox 684 2715 818 2762; x_wconf 78' lang='grc' dir='ltr'>ἔχοντες</span> <span class='ocrx_word' id='word_1_331' title='bbox 845 2714 947 2749; x_wconf 86' lang='lat' dir='ltr'><strong>codd.</strong></span> 
     </span>
     <span class='ocr_line' id='line_1_35' title="bbox 334 2771 1852 2821; baseline 0.001 -14"><span class='ocrx_word' id='word_1_332' title='bbox 334 2771 379 2815; x_wconf 82' lang='lat'>⁸⁰)</span> <span class='ocrx_word' id='word_1_333' title='bbox 407 2773 451 2808; x_wconf 78' lang='lat' dir='ltr'>cf.</span> <span class='ocrx_word' id='word_1_334' title='bbox 477 2771 528 2808; x_wconf 91' lang='lat' dir='ltr'>Pl.</span> <span class='ocrx_word' id='word_1_335' title='bbox 555 2772 641 2820; x_wconf 78' lang='lat' dir='ltr'><strong>Leg.</strong></span> <span class='ocrx_word' id='word_1_336' title='bbox 667 2773 765 2808; x_wconf 60' lang='lat'>7441!</span> <span class='ocrx_word' id='word_1_337' title='bbox 793 2772 842 2808; x_wconf 83' lang='grc' dir='ltr'>δεῖ</span> <span class='ocrx_word' id='word_1_338' title='bbox 867 2774 928 2819; x_wconf 81' lang='grc' dir='ltr'>γὰρ</span> <span class='ocrx_word' id='word_1_339' title='bbox 955 2774 990 2808; x_wconf 71' lang='grc' dir='ltr'>ἐν</span> <span class='ocrx_word' id='word_1_340' title='bbox 1017 2773 1110 2807; x_wconf 86' lang='grc' dir='ltr'>πόλει</span> <span class='ocrx_word' id='word_1_341' title='bbox 1136 2785 1213 2815; x_wconf 86' lang='grc' dir='ltr'>που,</span> <span class='ocrx_word' id='word_1_342' title='bbox 1239 2774 1361 2818; x_wconf 79' lang='grc' dir='ltr'>φαμέν,</span> <span class='ocrx_word' id='word_1_343' title='bbox 1387 2773 1432 2821; x_wconf 76' lang='grc' dir='ltr'>τῇ</span> <span class='ocrx_word' id='word_1_344' title='bbox 1457 2776 1517 2807; x_wconf 83' lang='grc' dir='ltr'>τοῦ</span> <span class='ocrx_word' id='word_1_345' title='bbox 1542 2773 1700 2819; x_wconf 84' lang='grc' dir='ltr'>μεγίστου</span> <span class='ocrx_word' id='word_1_346' title='bbox 1725 2785 1768 2808; x_wconf 90' lang='grc' dir='ltr'>νο</span> <span class='ocrx_word' id='word_1_347' title='bbox 1780 2773 1852 2820; x_wconf 82' lang='grc' dir='ltr'>σή-</span> 
     </span>
     <span class='ocr_line' id='line_1_36' title="bbox 216 2830 1851 2879; baseline 0.001 -13"><span class='ocrx_word' id='word_1_348' title='bbox 216 2842 346 2876; x_wconf 85' lang='grc' dir='ltr'>ματος</span> <span class='ocrx_word' id='word_1_349' title='bbox 370 2830 411 2866; x_wconf 83' lang='grc' dir='ltr'>οὐ</span> <span class='ocrx_word' id='word_1_350' title='bbox 436 2831 638 2879; x_wconf 74' lang='grc' dir='ltr'>μεθεξούσῃ,</span> <span class='ocrx_word' id='word_1_351' title='bbox 676 2831 694 2867; x_wconf 86' lang='grc' dir='ltr'>ὃ</span> <span class='ocrx_word' id='word_1_352' title='bbox 726 2831 894 2867; x_wconf 80' lang='grc' dir='ltr'>διάστασιν</span> <span class='ocrx_word' id='word_1_353' title='bbox 929 2832 951 2879; x_wconf 81' lang='grc' dir='ltr'>ἢ</span> <span class='ocrx_word' id='word_1_354' title='bbox 984 2834 1128 2867; x_wconf 84' lang='grc' dir='ltr'>στάσιν</span> <span class='ocrx_word' id='word_1_355' title='bbox 1161 2831 1341 2879; x_wconf 83' lang='grc' dir='ltr'>ὀρθότερον</span> <span class='ocrx_word' id='word_1_356' title='bbox 1374 2832 1414 2867; x_wconf 85' lang='grc' dir='ltr'>ἂν</span> <span class='ocrx_word' id='word_1_357' title='bbox 1447 2832 1497 2879; x_wconf 81' lang='grc' dir='ltr'>εἴη</span> <span class='ocrx_word' id='word_1_358' title='bbox 1525 2832 1726 2879; x_wconf 84' lang='grc' dir='ltr'>κεκλῆσθαι,</span> <span class='ocrx_word' id='word_1_359' title='bbox 1765 2833 1851 2879; x_wconf 85' lang='grc' dir='ltr'>μήτε</span> 
     </span>
    </p>
   </div>
   <div class='ocr_carea' id='block_1_5' title="bbox 213 2889 1851 2997">
    <p class='ocr_par' dir='ltr' id='par_1_5' title="bbox 213 2889 1851 2997">
     <span class='ocr_line' id='line_1_37' title="bbox 215 2889 1851 2939; baseline 0.001 -15"><span class='ocrx_word' id='word_1_360' title='bbox 215 2889 330 2925; x_wconf 81' lang='grc' dir='ltr'>πενίαν</span> <span class='ocrx_word' id='word_1_361' title='bbox 348 2890 412 2936; x_wconf 81' lang='grc' dir='ltr'>τὴν</span> <span class='ocrx_word' id='word_1_362' title='bbox 429 2890 582 2938; x_wconf 81' lang='grc' dir='ltr'>χαλεπὴν</span> <span class='ocrx_word' id='word_1_363' title='bbox 599 2891 721 2925; x_wconf 69' lang='grc' dir='ltr'>ἐνεῖναι</span> <span class='ocrx_word' id='word_1_364' title='bbox 745 2893 834 2938; x_wconf 79' lang='grc' dir='ltr'>παρά</span> <span class='ocrx_word' id='word_1_365' title='bbox 859 2902 941 2926; x_wconf 85' lang='grc' dir='ltr'>τισιν</span> <span class='ocrx_word' id='word_1_366' title='bbox 968 2895 1038 2926; x_wconf 90' lang='grc' dir='ltr'>τῶν</span> <span class='ocrx_word' id='word_1_367' title='bbox 1056 2891 1205 2927; x_wconf 85' lang='grc' dir='ltr'>πολιτῶν</span> <span class='ocrx_word' id='word_1_368' title='bbox 1223 2891 1309 2938; x_wconf 82' lang='grc' dir='ltr'>μήτε</span> <span class='ocrx_word' id='word_1_369' title='bbox 1328 2890 1370 2926; x_wconf 74' lang='grc' dir='ltr'>αὖ</span> <span class='ocrx_word' id='word_1_370' title='bbox 1389 2891 1545 2935; x_wconf 79' lang='grc' dir='ltr'>πλοῦτον,</span> <span class='ocrx_word' id='word_1_371' title='bbox 1572 2890 1621 2931; x_wconf 84' lang='grc' dir='ltr'>ὡς</span> <span class='ocrx_word' id='word_1_372' title='bbox 1647 2892 1851 2939; x_wconf 70' lang='grc' dir='ltr'>ἀμφοτέρων</span> 
     </span>
     <span class='ocr_line' id='line_1_38' title="bbox 213 2947 744 2997; baseline 0.002 -13"><span class='ocrx_word' id='word_1_373' title='bbox 213 2947 403 2985; x_wconf 80' lang='grc' dir='ltr'>τικτόντων</span> <span class='ocrx_word' id='word_1_374' title='bbox 426 2952 533 2985; x_wconf 78' lang='grc' dir='ltr'>ταῦτα</span> <span class='ocrx_word' id='word_1_375' title='bbox 559 2950 744 2997; x_wconf 81' lang='grc' dir='ltr'>ἀμφότερα.</span> 
     </span>
    </p>
   </div>
  </div>
 </body>
</html>
