2170 3412
898 256 1183 299 ...29-

222 371 307 429 ipsi
351 370 527 426 aliisque
572 370 786 413 molestias
831 376 992 427 parent.
1066 369 1134 412 Ad
1177 370 1408 412 amicitiam
1447 370 1658 426 pertinent
1700 371 1750 412 fr.
1787 370 1859 413 62.

220 447 325 489 642.
348 446 388 501 b,
421 446 572 502 quibus
602 451 650 488 ut
681 446 794 488 cauti
825 452 867 488 et
897 444 1123 502 prudentes
1142 445 1275 487 simus
1305 444 1348 488 in
1371 446 1517 487 amicis
1545 445 1747 500 eligendis
1768 460 1855 488 mo·

219 526 303 564 net.
365 521 518 564 Veram
551 526 692 563 autem
730 520 961 563 amicitiam
998 520 1227 576 plurimum
1269 533 1390 577 posse
1426 520 1479 562 ad
1515 521 1648 563 vitam
1688 521 1852 563 beatam

221 596 316 651 quis
347 597 384 639 ei
415 596 554 639 visum
585 610 673 639 esse
702 596 892 648 miretur,
924 595 996 650 qui
1027 609 1240 638 summum
1274 596 1428 638 bonum
1459 595 1502 638 in
1536 595 1756 638 concordia
1786 610 1858 652 po·

218 671 376 714 suerit?
437 672 527 723 Qua
556 671 607 714 de
637 685 683 713 re
721 685 864 714 omnes
901 670 1136 727 philosophi
1175 671 1462 724 consentiunt,
1499 671 1587 713 sive
1623 671 1854 714 amicitiam

216 746 437 789 concordia
473 746 676 789 contineri
714 751 761 788 ut
798 745 917 788 Plato
948 745 1020 800 (cf.
1045 745 1180 788 Alcib.
1206 746 1294 788 121>
1332 759 1394 802 sq.
1431 746 1534 789 Deff.
1572 746 1726 801 413a),
1764 747 1857 789 sive

217 821 481 864 concordiam
512 821 555 863 in
587 820 776 863 amicitia
805 820 985 876 positam
1018 826 1169 877 putant
1200 827 1247 863 ut
1276 821 1523 864 Aristoteles
1553 821 1624 875 (cf.
1658 821 1749 863 Eth.
1781 821 1854 863 Ni-

215 910 320 939 com.
353 895 451 937 VIlI
485 898 522 938 1.
554 895 613 937 IX
634 895 696 950 6).

1003 970 1058 1013 11.

329 1056 528 1114 Exposita
568 1058 696 1113 igitur
733 1057 1007 1114 Antiphontis
1051 1057 1211 1100 ratione
1250 1058 1448 1114 quoniam
1493 1058 1699 1115 ampliora
1743 1059 1853 1114 frag-

215 1139 359 1175 menta
390 1132 442 1175 ad
472 1133 628 1175 librum
661 1132 756 1189 Περὶ
787 1133 970 1188 ὁμονοίας
1000 1133 1221 1189 pertinere,
1253 1138 1458 1189 quantum
1488 1134 1531 1175 in
1564 1134 1641 1176 hac
1680 1132 1850 1190 quidem

212 1222 256 1251 re
287 1214 436 1264 potest,
470 1208 736 1264 probavimus
767 1222 902 1264 neque
934 1208 1158 1264 quicquam
1189 1222 1419 1264 repugnare
1456 1209 1853 1261 demonstravimus,

213 1297 295 1340 quo
332 1297 672 1340 permoveamur,
713 1288 760 1325 ut
797 1283 999 1326 nonnulla
1035 1283 1109 1326 alii
1146 1284 1358 1340 sophistae
1401 1284 1510 1327 libro
1555 1285 1853 1338 attribuamus,

212 1373 323 1401 nunc
353 1359 480 1402 etiam
518 1358 683 1414 singula
719 1373 1016 1414 persequemur
1053 1365 1093 1402 et
1132 1360 1311 1412 minuta,
1349 1374 1456 1416 quae
1493 1361 1629 1403 adhuc
1666 1367 1848 1417 praeter·

215 1433 419 1476 misimus.
481 1434 529 1476 In
560 1434 609 1476 fr.
640 1434 810 1488 45÷47
850 1433 1221 1490 Duemmlerus⁶’),
1261 1436 1328 1478 cui
1358 1436 1669 1479 Poehlmannus
1708 1450 1853 1479 assen-

211 1508 327 1563 titur,
359 1509 665 1564 Antiphontem
696 1508 930 1563 Σκιάποδας,
953 1509 1302 1566 Μακροκεφάλους,
1336 1511 1410 1552 ὑπὸ
1438 1515 1510 1567 γῆν
1532 1513 1734 1558 οἰκοῦντας
1755 1511 1851 1554 ideo

212 1597 555 1627 commemorasse
586 1583 699 1638 dicit,
738 1591 785 1626 ut
822 1598 965 1627 eorum
1003 1585 1219 1642 exempliS,
1264 1601 1371 1642 quae
1409 1586 1460 1630 de
1498 1587 1656 1643 optima
1692 1601 1735 1629 re
1774 1601 1849 1644 pu-

212 1658 320 1702 blica
349 1659 427 1701 sibi
460 1659 660 1713 finxisset,
699 1660 838 1716 perfici
877 1674 995 1716 posse
1026 1661 1232 1717 probaret.
1293 1661 1427 1713 Quid?
1489 1662 1538 1705 ad
1572 1677 1663 1705 eam
1703 1662 1851 1716 vitam,

211 1748 338 1791 quam
372 1734 634 1781 subterranei
671 1735 888 1789 degerent,
936 1736 1046 1778 cives
1084 1736 1216 1779 redire
1249 1737 1409 1780 voluit?
1476 1738 1768 1780 Duemmlerus
1807 1743 1852 1781 et

214 1810 417 1853 bonorum
447 1818 489 1853 et
520 1810 744 1852 mulierum
776 1811 1113 1854 communionem
1137 1812 1439 1869 Antiphontem
1463 1813 1635 1856 Platone
1668 1814 1846 1870 priorem

210 1885 417 1941 expetisse
452 1884 767 1942 suspicatur⁶⁸).
842 1886 900 1928 At
945 1886 1066 1942 longe
1109 1887 1236 1929 aliam
1274 1889 1479 1931 rationem
1517 1903 1612 1931 eum
1656 1895 1846 1931 secutum

211 1974 298 2003 esse
329 1960 524 2015 vidimus,
556 1962 629 2016 qui
660 1975 685 2003 a
716 1961 965 2016 Cynicorum
994 1976 1115 2017 grege
1146 1977 1282 2005 rerum
1315 1970 1489 2007 naturae
1510 1965 1730 2007 veritatem
1752 1964 1849 2007 imi-

209 2036 390 2079 tantium
425 2036 691 2079 vehementer
720 2036 952 2079 abhorreat.
1014 2038 1096 2080 Cur
1129 2044 1270 2081 autem
1303 2039 1498 2082 barbaros
1529 2039 1623 2082 illos
1654 2039 1847 2082 induxit?

211 2111 384 2154 Constat
415 2125 556 2154 eorum
589 2111 794 2168 exemplis
824 2112 1032 2168 sophistas
1064 2127 1160 2156 usos
1190 2128 1291 2168 esse,
1331 2120 1378 2156 ut
1409 2115 1589 2171 primam
1627 2115 1847 2158 hominum

210 2187 340 2229 vitam
373 2186 667 2240 describerent,
699 2202 826 2243 quam
859 2188 1047 2244 plerique
1077 2190 1305 2232 immanem
1337 2196 1378 2232 et
1398 2190 1602 2232 incultam
1626 2191 1754 2233 fuisse
1775 2191 1845 2233 do-

209 2267 397 2304 cuerunt.
460 2261 516 2304 Ut
547 2262 790 2317 Protagoras
830 2263 918 2319 περὶ
957 2267 1027 2319 τῆς
1071 2264 1109 2305 ἐν
1154 2265 1263 2321 ἀρχῇ
1311 2267 1587 2311 καταστάσεως
1631 2266 1850 2322 scripsisse

209 2336 389 2380 traditur
427 2336 653 2392 (Vorsok.²
685 2337 772 2390 111,
806 2339 903 2381 74A
947 2341 964 2381 1
1007 2354 1045 2395 p.
1085 2338 1260 2395 527,1),
1299 2340 1409 2383 unde
1444 2347 1615 2397 sumpta
1651 2355 1739 2383 esse
1782 2342 1845 2383 vi·-

209 2411 379 2467 dentur,
417 2426 523 2468 quae
560 2412 679 2455 Plato
717 2427 812 2455 eum
852 2413 903 2455 de
942 2414 1017 2456 hac
1054 2429 1098 2456 re
1133 2415 1234 2457 facit
1269 2415 1477 2458 dicentem
1509 2415 1694 2471 (Protag.
1727 2416 1844 2459 3200

209 2485 398 2543 sqq.)⁶⁴).
459 2487 565 2530 Item
599 2487 816 2544 Euripides
847 2489 1002 2541 laudat,
1045 2489 1086 2534 ὃς
1117 2490 1209 2545 ἡμῖν
1248 2491 1375 2546 βίοτον
1402 2492 1457 2534 ,ἐκ
1494 2491 1744 2547 πεφυρμένου
1780 2492 1845 2534 καὶ

210 2562 431 2618 θηριώδους
467 2564 572 2604 θεῶν
616 2563 933 2619 διεσταθμήσατο
968 2564 1136 2621 (Suppl.
1167 2566 1248 2608 201
1288 2567 1371 2622 sq.)
1451 2566 1653 2609 Similiter
1695 2567 1849 2610 Critias

207 2637 275 2691 (fr.
316 2638 409 2692 25):
455 2637 502 2693 ἦν
541 2637 700 2694 χρόνος,
739 2637 796 2680 ὅτ’
849 2638 897 2695 ἦν
944 2640 1109 2685 ἄτακτος
1155 2641 1375 2696 ἀνθρώπων
1423 2642 1503 2698 βίος
1540 2643 1604 2684 καὶ
1641 2643 1846 2699 θηριώδης

210 2710 347 2767 ἰσχύος
386 2709 633 2768 θ’ὑπηρέτης
669 2715 752 2754 κτλ.
819 2713 965 2769 Itaque
1003 2715 1229 2758 verisimile
1260 2722 1321 2758 est
1343 2716 1646 2773 Antiphontem
1679 2717 1730 2759 ad
1755 2717 1847 2759 bar·

331 2825 375 2867 ⁶²)
403 2825 656 2872 Prolegomena
682 2839 709 2862 z.
737 2827 826 2863 Plat.
853 2828 952 2863 Staat
978 2835 1026 2874 (p.
1045 2830 1117 2874 46),
1150 2830 1206 2865 Kl.
1233 2830 1331 2866 Schr.
1356 2831 1370 2866 1
1398 2831 1477 2867 206.
1511 2851 1554 2857 —
1582 2830 1738 2867 Poehlm.
1765 2831 1787 2866 Ι.
1813 2842 1846 2867 c.

211 2894 243 2927 p.
267 2883 332 2919 118
357 2885 439 2919 adn.
470 2886 499 2919 1.

330 2942 373 2985 ⁶⁸)
400 2942 421 2977 1.
448 2953 478 2978 c.
503 2954 536 2989 p.
564 2944 632 2979 219
669 2944 755 2988 (56).

330 3001 373 3046 ⁶⁴)
400 3003 444 3037 cf.
472 3002 644 3048 Gomperz
671 3003 693 3038 l.
713 3014 742 3038 c.
770 3014 802 3049 p.
821 3004 901 3040 313.
930 3024 972 3030 —
1001 3004 1175 3041 Vorsok.¹
1199 3005 1230 3042 11
1262 3007 1291 3051 1,
1318 3008 1361 3045 74
1389 3008 1415 3044 C
1446 3011 1474 3044 1.
