2170 3412
870 239 1157 280 ...11-

193 356 305 400 πὸλις
334 354 380 396 εὖ
411 354 657 410 πολιτευθείη
689 351 771 395 οὔτ’
808 352 914 398 οἶκος
946 354 1078 398 καλῶς
1099 350 1280 407 οἰκηθείη
1301 351 1428 406 (Xen.
1452 351 1575 394 Mem.
1601 351 1658 393 lV
1678 352 1719 406 4,
1740 352 1827 406 16).

194 429 297 472 Cum
330 429 458 485 igitur
488 429 584 472 boni
618 435 660 472 et
689 428 897 485 sapientes
926 441 1049 483 saepe
1085 426 1137 469 ad
1176 426 1438 469 concordiam
1478 425 1589 468 cives
1627 426 1830 468 cohortati

193 505 278 548 sint
297 503 360 559 ¹⁹),
392 511 483 547 tum
515 518 612 547 vero
643 503 875 559 Antiphon.
910 502 990 544 nisi
1023 501 1242 544 concordia
1279 501 1455 554 valeret,
1494 515 1580 543 rem
1618 501 1829 557 publicam

195 579 434 635 civiumque
464 580 707 622 societatem
739 578 867 620 everti
900 591 1146 633 persuasum
1177 576 1337 619 habuit.
1399 576 1478 618 Sed
1511 575 1594 618 illis
1630 577 1830 632 tempori-

196 655 273 697 bus
303 655 337 698 si
370 655 464 710 quis
503 668 638 696 mores
675 653 742 696 vel
779 652 831 695 ad
871 652 1132 696 honestatem
1170 651 1235 694 vel
1273 651 1326 694 ad
1365 650 1564 708 pietatem
1602 665 1699 706 erga
1733 651 1831 693 deos

195 731 347 772 referre
385 730 539 783 voluit,
577 728 683 771 nihil
722 728 862 784 potuit
898 729 1059 770 efficere
1095 727 1167 781 (cf.
1195 726 1326 769 Thuc.
1366 726 1401 766 V
1442 727 1542 779 111,
1572 727 1611 767 3.
1647 727 1748 779 105,
1770 726 1830 779 2).

196 805 331 856 Quare
362 804 398 846 ei
431 804 502 859 qui
535 804 707 846 honesta
737 810 781 846 et
810 804 950 859 turpia
981 804 1023 845 in
1055 802 1250 858 opinione
1282 801 1555 853 existimaret,
1589 802 1735 844 nonin
1759 816 1830 843 na·

195 887 290 921 tura
320 879 467 934 posita,
500 879 602 921 haec
634 879 758 921 etiam
792 878 844 920 ad
876 878 1104 920 utilitatem
1135 883 1255 920 erant
1285 877 1345 919 ita
1376 877 1623 933 revocanda,
1654 882 1704 918 ut
1734 890 1831 932 pro-

195 953 312 996 desse
344 953 510 996 doceret
540 954 727 1005 honesta,
759 954 901 1010 turpia
931 967 1090 996 nocere.
1154 955 1292 1009 Atque
1322 952 1364 994 id
1396 946 1534 1007 ipsum
1566 951 1832 1007 Thucydides

197 1028 344 1071 Melies
375 1029 475 1071 facit
506 1029 691 1071 dicentes
723 1035 867 1071 contra
897 1028 1188 1080 Athenienses,
1221 1028 1293 1083 qui
1315 1041 1449 1082 neque
1470 1027 1599 1069 ullam
1623 1027 1835 1069 nisiinter

196 1117 316 1158 pares
347 1117 435 1146 esse
466 1104 672 1146 iustitiam
706 1109 747 1146 et
767 1104 1022 1146 validissimo
1046 1103 1196 1158 cuique
1217 1102 1453 1145 inferiorem
1478 1101 1622 1144 cedere
1644 1107 1834 1157 oportere

195 1184 390 1221 statuunt
427 1178 484 1234 (V
522 1179 590 1221 89.
638 1179 729 1234 90).
790 1179 856 1221 Illi
896 1185 1050 1232 autem,
1088 1178 1124 1220 si
1170 1177 1339 1234 quidem
1386 1177 1551 1219 iustitia
1596 1176 1835 1233 posthabita

197 1254 423 1297 utilitatem
455 1254 616 1297 laudari
649 1268 815 1296 necesse
851 1256 924 1308 sit,
965 1254 1065 1310 ipsis
1102 1253 1429 1295 Atheniensibus
1466 1252 1560 1294 usui
1599 1265 1687 1294 esse
1725 1251 1833 1293 affir-

199 1335 319 1372 mant
366 1329 579 1372 communi
624 1329 752 1371 saluti
788 1329 1023 1385 providere:
1061 1325 1088 1383 ᾗ
1128 1329 1197 1383 μὲν
1235 1329 1283 1382 δὴ
1329 1327 1536 1383 νομίζομέν
1580 1342 1623 1380 γε
1667 1328 1835 1382 χρήσι-

197 1404 351 1459 μονό)
383 1405 553 1460 (ἀνάγκη
585 1406 672 1460 γάρ,
705 1404 840 1458 ἐπειδὴ
874 1404 985 1459 ὑμεῖς
1017 1405 1120 1446 οὕτω
1159 1403 1263 1459 παρὰ
1300 1404 1344 1444 τὸ
1383 1403 1526 1445 δίκαιον
1562 1404 1606 1444 τὸ
1644 1402 1835 1458 ξυμφέρον

196 1480 321 1533 λέγειν
361 1479 583 1534 ὑπέθεσθε)
627 1481 682 1534 μὴ
720 1467 922 1521 ιιαταλύειν
962 1480 1063 1534 ὑμᾶς
1088 1480 1149 1533 Ὺτὸ
1195 1480 1351 1520 κοινὸν
1395 1477 1590 1533 ἀγαθόν.
1657 1478 1835 1521 Proinde

197 1561 372 1611 parcant
409 1555 490 1597 sibi
528 1555 822 1606 Athenienses,
862 1555 896 1596 si
935 1569 1016 1597 non
1055 1554 1162 1609 quod
1200 1555 1358 1596 iustum
1394 1554 1463 1607 sit,
1498 1559 1541 1596 at
1577 1559 1688 1596 certe
1723 1553 1832 1609 quod

197 1629 459 1686 aequum¹'),
498 1645 550 1673 ne
587 1630 630 1672 id
669 1630 777 1685 quod
822 1629 915 1672 aliis
958 1630 1192 1683 intulerint,
1235 1629 1317 1686 ipsi
1361 1629 1594 1686 patiantur:
1631 1629 1696 1670 καὶ
1739 1629 1836 1684 πρὸς

195 1705 306 1760 ὑμῶν
351 1705 427 1762 οὐχ
464 1705 587 1761 ἧσσον
624 1708 751 1754 τοῦτο,
790 1705 873 1760 ὅσῳ
910 1706 975 1747 καὶ
1012 1705 1090 1746 ἐπὶ“
1114 1705 1277 1759 μεγίστῃ
1324 1706 1490 1760 τιμωρίᾳ
1534 1704 1745 1759 σφαλέντες
1791 1703 1836 1746 ἂν

194 1785 275 1826 τοῖς
303 1780 435 1826 ἄλλοις
465 1782 709 1836 παράδειγμα
738 1780 930 1835 γένοισθε.

318 1857 432 1908 Quae
477 1871 572 1899 cum
625 1856 683 1898 ita
734 1856 832 1907 sint,
878 1869 961 1898 non
1009 1856 1255 1898 mirabimur
1305 1855 1609 1911 Antiphontem
1656 1854 1831 1897 eandem

198 1931 403 1974 rationem
440 1932 570 1988 sequi.
654 1930 815 1973 Etenim
855 1945 948 1973 eum
988 1931 1059 1986 qui
1101 1928 1271 1984 {rei-itus,
1310 1944 1362 1972 ne
1399 1929 1599 1972 damnum
1641 1930 1835 1986 accipiat,

198 2006 251 2049 ab
282 2006 437 2048 iniuria
467 2006 654 2059 desistat,
685 2006 980 2061 sapientiorem
1012 2019 1100 2048 esse
1131 2005 1174 2048 in
1206 2005 1254 2048 fr.
1277 2005 1333 2047 58
1365 2005 1538 2061 exponit
1585 2019 1713 2060 quam
1759 2005 1831 2060 qui

196 2095 243 2124 se
288 2081 427 2137 ipsum
474 2081 577 2124 nibil
625 2095 841 2137 passurum
899 2082 1096 2137 opinatus
1147 2080 1267 2123 alteri
1315 2080 1512 2122 iniuriam
1559 2081 1704 2122 afferre
1750 2094 1832 2122 non

198 2156 382 2199 dubitet:
415 2156 519 2202 ὅστις
550 2157 594 2198 δὲ
625 2158 694 2198 ἰὼν
725 2156 788 2198 ἐπὶ
819 2157 884 2198 τὸν
923 2156 1086 2211 πλησίον
1124 2159 1254 2200 κακῶς
1291 2156 1469 2210 ποιήσων
1501 2156 1690 2209 δειμαίνει
1722 2155 1776 2211 μὴ
1810 2154 1836 2196 ἃ

200 2231 307 2273 θέλει
340 2234 514 2287 ποιῆσαι,
547 2232 732 2286 ἁμαρτὼν
763 2231 910 2273 τούτων
942 2230 967 2272 ἃ
1000 2233 1053 2286 μὴ
1077 2231 1186 2273 θέλει
1208 2231 1480 2286 ἀπενέγκηται,
1503 2230 1833 2287 σωφρονέστερος.

143 2359 146 2362 Α
198 2306 372 2363 Propter
402 2307 665 2350 incommoda
696 2306 836 2361 igitur,
868 2321 975 2363 quae
1007 2306 1206 2349 eveniunt
1237 2306 1451 2361 improbis,
1483 2306 1722 2361 fugiendam
1755 2307 1835 2349 im-

200 2381 448 2438 probitatem
482 2382 544 2424 his
575 2381 714 2424 docet:
747 2381 851 2426 ὅστις
889 2383 931 2423 δὲ
969 2383 1122 2436 δράσειν
1161 2382 1231 2437 μὲν
1262 2380 1383 2422 οἴεται
1418 2381 1505 2427 τοὺς
1536 2382 1657 2427 πέλας
1688 2385 1834 2428 κακῶς.

322 2510 363 2552 ¹⁹>
388 2510 434 2545 cf.
463 2510 618 2545 Democr.
646 2510 685 2545 fr.
706 2510 786 2545 249.
812 2510 883 2544 250
907 2510 1090 2552 (Vorsok.²
1116 2510 1128 2544 1
1162 2509 1207 2544 55
1234 2510 1261 2545 Β
1289 2521 1321 2555 ρ.
1340 2509 1445 2550 4293
1461 2511 1563 2555 sqq.).

323 2568 365 2610 ¹⁰)
393 2569 438 2603 Ut
465 2570 528 2603 hoc
555 2569 631 2604 loco
657 2569 821 2617 χρήσιμον
847 2568 882 2603 id
909 2568 1090 2614 significat
1121 2568 1216 2613 quod
1248 2569 1412 2603 omnibus
1448 2573 1502 2602 est
1529 2569 1620 2610 usui,
1655 2569 1707 2603 sic
1741 2568 1835 2613 apud

203 2626 406 2673 Euripidem
435 2629 458 2662 ii
479 2628 539 2674 qui
566 2629 695 2674 χρηστά
715 2626 923 2673 βουλιὺουσι,
951 2631 1036 2661 sunt
1062 2627 1261 2675 χρήσιμοι
1286 2626 1404 2661 πόλει
1430 2626 1501 2668 (Or.
1522 2627 1590 2661 909
1605 2629 1685 2672 σῳ),
1712 2633 1837 2662 contra

202 2686 263 2731 qui
288 2685 443 2722 detrahit
470 2687 563 2732 quod
591 2687 718 2731 cuique
745 2689 864 2731 potest
890 2686 944 2720 eui
973 2686 1144 2721 commodi
1172 2697 1292 2729 causa,
1323 2684 1443 2720 πόλει
1468 2686 1683 2732 ἄχρηστος
1709 2687 1839 2721 dicitur

202 2745 393 2787 (Heraclid.
419 2746 470 2790 4).
521 2745 574 2780 cf.
601 2745 726 2791 Suppl.
752 2745 820 2780 238
834 2755 901 2790 sq„
925 2756 1029 2791 quem
1057 2744 1171 2780 locum
1198 2749 1323 2790 postea
1348 2744 1547 2780 afferemus.

322 2805 364 2846 ἰ)
388 2803 473 2839 ἀλλὰ
497 2805 549 2850 τῷ
574 2805 624 2839 dal
650 2805 685 2839 av
711 2804 858 2849 κινδύνῳ
884 2805 1068 2849 γιγνομένῳ
1094 2803 1235 2839 εἶναιτὰ
1253 2804 1369 2839 εἰκότα
1394 2803 1464 2838 καὶ
1489 2802 1632 2839 δίκαια
1650 2803 1724 2838 κτλ.
1765 2803 1838 2839 Hac

202 2863 297 2898 nitor
323 2863 481 2899 codicum
509 2862 535 2898 C
562 2867 597 2899 et
622 2863 651 2899 G
676 2863 864 2908 scriptura.
891 2874 995 2908 quam
1021 2863 1168 2898 alterius
1194 2861 1351 2898 familiae
1378 2873 1471 2897 unus
1498 2863 1661 2908 sequitur
1687 2862 1725 2906 E,
1757 2873 1836 2897 cum

203 2923 241 2957 in
266 2921 414 2967 reliquis
448 2921 542 2957 desit
573 2922 643 2957 καί.
693 2922 808 2965 Quare
839 2923 898 2956 καὶ
928 2921 1040 2956 δίκαια
1066 2922 1187 2958 delent
1217 2922 1259 2957 G.
1287 2922 1479 2964 Hermann,
1512 2921 1548 2956 C.
1577 2921 1687 2956 flude.
1745 2921 1838 2964 „Da-

204 2978 315 3017 durch
342 2980 484 3016 verliert
509 2980 566 3016 die
594 3007 602 3016 .
619 3005 628 3015 .
656 2981 952 3026 argumentation
979 2981 1042 3016 der
1070 2980 1189 3017 Melior
1213 2981 1288 3017 ihre
1315 2980 1464 3016 Pointe“
1491 2979 1683 3025 (Classen).
