2170 3412
0 366 22 1078 Wawwammhvo
0 311 17 362 *ὠὴ
0 119 28 306 ιρῑςὲὲὴζῑμέεῇεῖῖ
0 0 31 90 flag

0 3347 36 3412 'fi

913 254 1198 298 -69-

238 369 600 422 Wilamowitzius,
641 370 719 412 etsi
755 384 867 413 nunc
903 370 1154 412 seutentiam
1192 367 1471 424 mutavit¹³⁶),
1510 372 1620 411 recte
1661 367 1866 411 iudicasse

239 444 415 499 videtur,
445 445 555 501 quod
586 445 746 488 nullam
787 445 909 488 fidem
947 445 1094 488 habuit
1125 444 1293 487 Caecilii
1333 442 1696 500 coniecturae¹⁸⁷),
1740 458 1864 499 quam

237 521 439 563 sermonis
470 521 638 578 quidem
668 520 944 564 similitudine
975 520 1121 563 fulcire
1152 534 1233 563 non
1262 519 1372 563 licet.
1433 519 1643 563 Nimirum
1678 520 1713 562 si
1746 519 1867 575 plura

239 595 353 638 illius
388 596 539 639 aetatis
574 596 730 653 scripta
766 596 884 639 nobis
921 601 1086 639 servata
1122 599 1282 649 essent,
1325 595 1453 638 etiam
1498 595 1630 651 magis
1672 595 1865 649 eluceret,

240 684 366 726 quam
397 671 507 714 male
537 671 710 727 singulis
740 671 1038 722 attribuantur,
1069 685 1176 727 quae
1206 671 1363 714 saeculi
1393 676 1492 715 sunt
1529 668 1866 725 communia¹³⁸).

354 746 594 788 Finitimam
646 745 920 802 Antiphontis
965 746 1104 802 generi
1149 747 1348 790 orationis
1391 747 1546 790 Critiae
1591 745 1864 789 elocutionem

239 836 327 864 esse
358 822 637 877 Hermogenes
668 821 782 875 dicit,
815 836 1070 878 quamquam
1102 822 1213 864 hune
1242 823 1374 878 magis
1404 823 1621 880 perspicue
1652 835 1754 878 pure
1784 820 1868 863 sin·

239 911 412 953 cereque
448 897 630 940 scribere
665 896 944 952 aflirmat¹³⁹).
1010 898 1094 940 Hoc
1134 898 1247 941 enim
1287 904 1361 952 est,
1393 898 1503 955 quod
1533 898 1577 940 in
1608 897 1869 954 Antiphonte

241 977 407 1028 propter
445 973 663 1016 verborum
702 977 907 1015 tumorem
945 972 1203 1029 nimiamque
1244 974 1520 1029 granditatem
1553 973 1734 1016 maxime
1765 972 1868 1015 desi-

240 1047 374 1090 derat:
421 1047 466 1089 οὐ
496 1048 580 1103 μὴν
617 1047 740 1103 ἤθους
777 1047 821 1102 γέ
860 1063 894 1090 τι
930 1047 1013 1090 οὐδ’
1054 1049 1243 1105 ἀληθινοῦ
1282 1049 1405 1091 τύπου
1443 1049 1598 1102 μέτεστι
1642 1051 1700 1105 τῷ
1746 1047 1868 1103 ἀνδρί,

239 1123 357 1179 φαίην
388 1122 423 1165 δ’
455 1123 500 1165 ἂν
531 1125 587 1168 ὡς
622 1122 714 1165 οὐδὲ
754 1123 986 1181 δεινότητος,
1032 1125 1133 1180 πλὴν
1178 1127 1248 1180 τῆς
1291 1124 1526 1181 φαινομένης
1572 1123 1655 1178 μέν,
1701 1123 1745 1165 οὐ
1793 1122 1869 1178 μὴν

240 1198 360 1254 οὔσης
388 1215 431 1254 γε
454 1201 509 1245 ὡς
539 1199 714 1255 ἀληθῶς.
758 1200 874 1251 Quod
907 1214 1033 1256 quam
1062 1205 1172 1243 recte
1194 1199 1425 1243 iudicatum
1455 1200 1524 1254 sit,
1555 1213 1693 1243 nonne
1724 1213 1746 1242 e
1777 1212 1869 1240 ver-

243 1274 386 1317 borum
420 1288 584 1331 pompa,
616 1276 919 1329 iterationibus,
952 1275 1206 1332 metaphoris
1236 1275 1493 1330 intellexisti,
1515 1275 1667 1331 quibus
1687 1274 1870 1330 speciem

240 1350 451 1405 quandam
483 1351 770 1407 amplitudinis
801 1351 927 1394 etiam
959 1350 1118 1406 exiguis
1150 1351 1273 1394 rebus
1303 1351 1488 1407 sophista
1517 1349 1723 1407 imponit?

357 1425 497 1477 Qualis
528 1426 663 1479 homo,
696 1426 791 1486 talis
822 1431 868 1469 ut
899 1427 1018 1469 aiunt
1049 1426 1193 1469 oratio.
1254 1426 1365 1469 Sane
1394 1426 1615 1483 multiplex
1647 1425 1871 1481 variusque

241 1505 303 1543 est
334 1501 562 1557 Antiphon,
594 1502 749 1559 quippe
779 1502 851 1558 qui
882 1508 923 1544 et
954 1501 1004 1545 de
1037 1501 1216 1558 physicis
1248 1507 1290 1544 et
1320 1501 1371 1545 de
1402 1501 1710 1545 mathematicis
1747 1506 1788 1544 et
1819 1500 1870 1543 de

243 1576 435 1619 humanis
471 1577 605 1631 rebus,
637 1577 687 1619 de
726 1577 910 1620 moribus
942 1582 984 1620 et
1014 1577 1066 1620 de
1101 1577 1274 1620 somniis
1305 1577 1468 1634 copiose
1499 1582 1541 1620 et
1576 1581 1734 1630 ornate,
1766 1591 1869 1619 non-

243 1666 474 1708 numquam
507 1653 633 1695 etiam
664 1652 846 1707 graviter
877 1658 919 1695 et
948 1652 1161 1695 subtiliter
1189 1653 1414 1709 scripserit.
1481 1652 1562 1695 Sed
1595 1667 1729 1709 pauca
1758 1652 1871 1695 illius

244 1728 423 1784 propria,
457 1728 588 1771 multa
618 1742 668 1771 ex
700 1728 794 1770 aliis
824 1727 1010 1771 fontibus
1047 1743 1142 1771 cum
1178 1728 1221 1771 in
1258 1728 1364 1771 libro
1402 1728 1615 1781 Veritatis,
1653 1741 1735 1784 quo
1778 1728 1872 1771 Par·

242 1803 448 1846 menidem
486 1808 528 1847 et
566 1803 857 1861 Empedoclem
894 1803 1081 1859 aliosque
1117 1803 1374 1860 compilavit,
1414 1809 1503 1846 tum
1550 1804 1593 1846 in
1631 1803 1738 1847 libro
1777 1803 1872 1859 Περὶ

242 1878 423 1933 ὁμονοίας
453 1880 619 1922 fluxisse
659 1879 927 1922 manifestum
962 1885 1036 1922 est.
1098 1879 1199 1931 Quis
1236 1879 1363 1935 igitur
1401 1893 1484 1922 non
1522 1879 1638 1923 videt
1673 1879 1750 1922 hoc
1785 1884 1871 1922 tam

239 1954 504 2011 splendidum
538 1955 726 2012 pallium,
757 1969 838 2011 quo
868 1954 1056 2012 sophista
1085 1954 1229 1998 sollers
1261 1958 1303 1998 et
1341 1954 1576 2010 ingeniosus
1611 1969 1656 1998 se
1693 1955 1871 2008 ornavit,

242 2029 344 2072 satis
376 2030 519 2073 multis
550 2030 699 2087 pannis
731 2030 903 2073 aliunde
933 2029 1113 2087 sumptis
1145 2030 1391 2073 mirabiliter
1420 2044 1510 2073 esse
1541 2029 1787 2074 consutum?

366 2182 420 2225 ¹³⁶)
447 2183 492 2218 cf.
520 2182 583 2218 Die
610 2183 739 2228 grieeh.
770 2182 944 2217 Literatur
969 2182 1050 2226 (Die
1077 2181 1206 2217 Kultur
1232 2181 1295 2217 der
1321 2182 1531 2228 Gegenwart
1556 2182 1571 2217 1
1597 2183 1632 2224 8)
1661 2193 1694 2227 p.
1714 2182 1770 2217 61.

369 2241 424 2283 ¹³⁷)
452 2241 570 2276 llerm.
597 2241 665 2276 xu
692 2241 772 2277 335.

367 2301 421 2343 ¹³⁸)
448 2301 522 2335 Hoc
547 2300 711 2346 neglecto
732 2300 945 2336 Bureschius
965 2301 1001 2335 in
1020 2291 1173 2335 errorem
1193 2300 1330 2344 incidit,
1356 2311 1433 2336 cum
1453 2300 1673 2345 Ten-alogias
1691 2301 1872 2346 sophistae

243 2360 418 2403 attribuit,
444 2360 467 2396 l.
486 2371 515 2396 c.
542 2371 574 2406 p.
599 2360 674 2396 133.

367 2419 423 2463 η9)
451 2420 473 2455 l.
491 2430 521 2455 c.
546 2419 640 2455 9.10
666 2431 699 2465 p.
717 2419 783 2454 414
800 2430 851 2465 sq.
877 2418 955 2465 Sp.:
988 2420 1056 2454 ἔστι
1087 2420 1148 2466 γὰρ
1179 2419 1238 2455 καὶ
1268 2418 1366 2458 οὗτος
1397 2419 1516 2465 σεμνὸς
1548 2419 1607 2465 μὲν
1633 2420 1873 2466 παραπλησίως

247 2482 297 2525 τῷ
319 2477 520 2526 Ἀντιφῶντι
545 2480 603 2514 καὶ
628 2478 804 2526 διηρμένος
829 2478 910 2525 πρὸς
936 2478 1038 2524 ὄγκον
1066 2480 1123 2513 καὶ
1149 2480 1190 2514 τὰ
1216 2478 1324 2514 πολλὰ
1355 2478 1465 2525 λέγων
1496 2479 1734 2526 ἀποφατικῶς,
1766 2479 1872 2514 καθα·

243 2538 393 2585 ρώτιρος
419 2538 454 2573 ὀὶ
479 2538 543 2584 τὴν
568 2537 655 2579 λέξιν
681 2538 739 2573 καὶ
765 2536 820 2572 ὅτι
846 2536 1050 2583 περιβάλλοι,
1075 2536 1282 2584 διευκρινῶν,
1310 2537 1389 2572 ὥστ’
1416 2537 1497 2572 εἶναι
1522 2540 1579 2573 καὶ
1605 2538 1714 2585 σαφὴς
1736 2537 1807 2584 ἅμα
1823 2539 1874 2584 τῷ

245 2597 378 2644 μεγέθει
404 2598 462 2632 καὶ
487 2597 642 2644 εὐκρινής
668 2596 742 2631 κτλ.
801 2596 965 2632 Philostr.
994 2597 1034 2631 V.
1062 2597 1163 2641 soph.
1192 2597 1263 2632 116
1295 2597 1356 2644 τὴν
1387 2596 1422 2632 δὲ
1455 2597 1544 2632 ἰδέαν
1575 2601 1634 2632 τοῦ
1666 2597 1767 2644 λόγου
1798 2597 1871 2644 δογ-

245 2659 365 2704 ματίας
390 2656 408 2692 ὁ
435 2653 479 2692 K.
518 2657 575 2692 καὶ
601 2656 834 2702 πολυγνώμων
852 2655 1095 2702 σεμνολογῆσαί
1122 2668 1157 2691 τε
1183 2654 1393 2695 ἱκανώτατος
1419 2655 1458 2691 οὐ
1484 2657 1546 2703 τὴν
1565 2655 1869 2704 διθυραμβώδη

246 2716 545 2763 σεμνολογίαν,
576 2715 653 2751 οὐδὲ
687 2715 1037 2762 καταφιυγουσαν
1069 2714 1109 2754 ἐς
1140 2715 1187 2750 τὰ
1219 2715 1264 2750 ἐκ
1296 2717 1522 2763 ποιητικῆς
1554 2715 1740 2762 ὀνόματα
1765 2717 1872 2761 (sicut

246 2776 457 2822 Antiphon),
488 2772 560 2811 ἀλλ’
593 2775 633 2811 ἐκ
663 2776 886 2822 κυριωτάτων
920 2775 1144 2821 συγκειμένην
1176 2774 1234 2809 καὶ
1265 2775 1352 2810 κατὰ
1384 2775 1480 2822 φυσιν
1511 2775 1654 2824 ἔχουσαν
1685 2775 1759 2811 κτλ.
1817 2775 1870 2811 Cf.

247 2836 390 2872 Wilam.
418 2835 524 2871 Arist.
552 2846 587 2870 u.
615 2835 731 2870 Athen
760 2834 770 2869 1
803 2833 868 2869 173
882 2845 935 2879 sq.
