2170 3412
1000 223 1284 266 ..56-

324 337 445 379 nobis
476 336 580 379 bene
612 335 773 378 dictum
804 336 983 390 videtur,
1013 342 1156 379 tamen
1173 337 1341 380 Graecis
1370 338 1414 381 in
1445 352 1567 394 prosa
1597 353 1681 383 non
1702 344 1765 383 est
1784 340 1955 384 serenda

325 411 569 467 metaphora
620 410 683 452 διὰ
727 411 772 452 τὸ
822 412 964 466 σεμνὸν
1009 410 1106 466 ἄγαν
1154 412 1217 454 καὶ
1262 412 1440 468 τραγικόν
1484 412 1634 467 (Arist.
1672 414 1794 458 Rhet.
1832 414 1863 458 Γ
1893 414 1953 470 3).

324 486 405 528 Sed
438 485 708 541 Antiphontis
740 490 876 528 aetate
913 486 1019 528 nihil
1055 486 1188 541 magis
1224 487 1476 544 expetebant
1518 501 1646 543 quam
1683 502 1779 531 eum
1815 489 1953 546 ipsum

323 574 556 604 sermonem
588 560 957 616 dithyrambicum,
988 574 1113 616 quem
1134 562 1380 605 Aristoteles
1411 563 1636 618 vituperat.
1681 564 1726 605 τὸ
1756 565 1954 619 νεοτήσιον

325 637 518 692 σκίρτημα
549 635 737 678 imitatus
768 640 831 678 est
862 635 989 678 Clem.
1023 636 1144 679 Alex.
1177 636 1227 679 de
1259 636 1343 678 div.
1376 650 1483 679 serv.
1515 652 1550 679 c.
1573 635 1613 679 8.

439 711 505 753 Fr.
527 710 583 753 49
614 710 739 756 λύπας
769 710 934 765 ἄγεσθαι
965 710 1067 754 dicit
1088 711 1371 768 metaphorice
1400 712 1626 769 respiciens
1647 726 1817 755 uxorem
1849 727 1955 769 quae

326 786 503 828 ducitur.

440 861 504 903 Fr.
528 861 585 904 60
615 860 706 902 ὅταν
739 875 793 905 τις
824 862 893 917 τὴν
925 861 1169 904 παίδευσιν
1199 861 1373 916 γενναίαν
1410 862 1633 918 ἐναρόσῃ,
1666 862 1714 917 ζῇ
1747 864 1860 905 τοότο
1891 864 1955 906 καὶ

323 936 462 978 θάλλει
493 938 575 978 κτλ.

438 1011 504 1054 Fr.
526 1011 581 1055 69
613 1012 764 1068 βαλβίς·
795 1013 821 1067 ἡ
853 1012 973 1068 ἀρχή,
1006 1012 1058 1054 cf.
1081 1012 1152 1054 Ar.
1175 1012 1299 1068 Vesp.
1321 1011 1406 1056 548
1437 1012 1555 1057 εὐθύς
1586 1012 1663 1055 ἀπὸ
1697 1013 1888 1070 βαλβίδων
1910 1045 1922 1056 .
1945 1045 1955 1055 .

324 1085 532 1132 ἀποδείξω.

439 1162 504 1204 Fr.
529 1163 584 1205 70
612 1162 785 1217 εὐήνιος·
817 1163 843 1217 ἡ
882 1162 1085 1218 μεταφορὰ
1123 1161 1202 1203 ἀπὸ
1238 1165 1316 1203 τῶν
1354 1163 1497 1205 ἵππων.
1564 1162 1718 1206 Eodem
1754 1162 1956 1206 vocabulo

323 1237 607 1294 metaphorice
637 1237 772 1280 utitur
802 1237 863 1280 Pl.
895 1237 990 1292 Leg.
1023 1237 1154 1290 730b,
1185 1236 1315 1280 8802..

439 1313 549 1355 Tum
580 1314 942 1369 metonymiam
979 1312 1169 1355 adhibet:
1240 1311 1383 1368 Ἀληθ.
1415 1313 1465 1355 fr.
1499 1313 1550 1355 17
1580 1312 1836 1369 Ἀφροδίτης·
1873 1313 1958 1356 ἀντὶ

323 1390 401 1428 τῶν
434 1388 683 1444 ἀφροδισίων.

439 1462 688 1506 Omittere
740 1463 848 1506 solet
877 1464 977 1506 Ant.
1025 1463 1231 1520 copulas
1267 1462 1368 1505 ἐστίν
1412 1467 1454 1505 et
1488 1463 1595 1515 εἰσίν,
1633 1477 1716 1519 qua
1750 1477 1795 1507 re
1825 1463 1956 1507 oratio

323 1538 544 1581 sublimior
588 1539 648 1592 fit,
695 1539 769 1581 sed
813 1539 941 1582 etiam
979 1539 1174 1596 asperior,
1214 1538 1265 1581 cf.
1304 1539 1351 1580 fr.
1383 1539 1453 1581 49.
1485 1539 1554 1581 51.
1587 1539 1654 1581 55.
1686 1539 1755 1580 57.
1786 1539 1855 1582 61.
1886 1539 1955 1582 64.

323 1613 413 1655 Hoc
444 1613 624 1668 gnomici
653 1614 869 1667 sermonis,
904 1614 954 1656 cf.
986 1613 1189 1656 Heracliti
1221 1618 1263 1656 et
1292 1613 1521 1656 Democriti
1550 1613 1794 1656 sententias.

439 1688 631 1731 Plurali
666 1703 838 1732 numero
886 1690 985 1731 Ant.
1031 1695 1253 1745 poetarum
1297 1702 1410 1730 more
1456 1702 1529 1744 pro
1571 1687 1770 1743 singulari
1809 1688 1956 1730 utitur.

322 1763 524 1820 Exempla
555 1764 726 1807 afferam
757 1779 809 1807 ex
838 1765 886 1807 fr.
910 1764 979 1817 49,
1012 1764 1123 1819 quod
1154 1764 1464 1819 magnificentia
1493 1764 1715 1806 verborum
1735 1767 1778 1806 et
1797 1763 1957 1820 poetico

324 1839 459 1882 colore
490 1840 638 1882 ceteris
669 1839 900 1882 antecellit:

442 1915 561 1970 γάμοι
591 1915 779 1972 nuptiae,
810 1915 985 1971 pluralis
1016 1914 1201 1971 poeticus
1231 1929 1323 1957 raro
1344 1913 1497 1969 legitur
1517 1928 1583 1970 ap.
1605 1913 1822 1956 Platonem
1842 1913 1958 1969 (Leg-

325 1990 458 2034 784d.
491 1991 590 2047 Rep.
623 1989 776 2046 383a).
837 1990 1049 2045 Singulari
1084 1995 1252 2032 tantum
1298 2004 1381 2032 uno
1426 1989 1516 2032 loco
1563 1994 1734 2044 excepto
1769 1987 1822 2043 (Σ
1852 1989 1960 2044 491)

324 2066 554 2109 Homerum
592 2067 654 2109 uti
692 2071 734 2109 et
761 2066 1005 2119 Hesiodum,
1041 2066 1208 2122 saepius
1245 2066 1352 2122 plur.
1392 2079 1517 2121 quam
1554 2064 1704 2120 singul.
1736 2063 1886 2107 Aesch.
1917 2069 1960 2106 et

324 2141 460 2195 Pind.,
506 2142 713 2198 pluralem
757 2142 958 2197 singulari
1004 2141 1125 2197 longe
1170 2142 1379 2198 praeferre
1426 2140 1552 2197 Soph.
1600 2145 1642 2183 et
1691 2139 1788 2182 Eur.
1838 2138 1959 2182 docet

325 2217 376 2260 K.
412 2217 607 2272 Witteus,
641 2217 836 2273 Singular
865 2217 953 2260 und
983 2217 1137 2260 Plural.
1197 2218 1295 2274 Lpz.
1329 2217 1453 2259 1907.

443 2295 622 2348 μεγάλων
654 2294 784 2335 πόνων
816 2293 880 2335 καὶ
913 2294 1128 2348 ἱδρώτων
1160 2292 1215 2338 εἰς
1245 2293 1428 2347 ἀνάγκας,
1461 2291 1567 2347 plur.
1589 2291 1751 2345 ἱδρῶτες
1779 2288 1960 2344 (Strb‘me

324 2383 403 2411 von
430 2367 635 2424 Schwezst)
668 2369 713 2411 in
744 2383 867 2425 prosa
895 2369 1135 2421 inusitatus,
1167 2368 1218 2411 cf.
1249 2368 1355 2410 Xen.
1388 2366 1481 2421 Cyr.
1513 2365 1617 2408 VIII
1637 2365 1708 2419 8,8
1744 2364 1809 2407 διὰ
1829 2365 1958 2407 πόνων

325 2446 389 2487 καὶ
421 2445 598 2500 ἱδρῶτος,
643 2444 717 2486 sed
763 2444 922 2500 poetice
970 2444 1029 2486 Pl.
1063 2443 1238 2486 Phaedr.
1269 2443 1384 2486 2390
1415 2441 1543 2483 πόνων
1576 2441 1645 2494 μὲν
1677 2441 1863 2495 ἀνδρείων
1893 2440 1959 2482 καὶ

327 2521 538 2575 ἱδρώτων
576 2519 704 2575 Εηρῶν
735 2519 908 2575 ἄπειρον,
942 2519 1014 2561 ubi
1058 2519 1247 2562 Socrates
1293 2517 1471 2572 (238d):
1519 2516 1567 2558 τὰ
1607 2518 1672 2558 νῦν
1714 2516 1788 2571 γὰρ
1826 2515 1959 2557 οὐκέτι

325 2595 460 2651 πόρρω
490 2595 744 2652 διθυράμβων
774 2594 1008 2651 φθέγγομαι.

441 2670 652 2727 φιλότητας
696 2669 1065 2726 (IAebesfwudeM,
1111 2669 1264 2725 plurali
1317 2668 1442 2710 huius
1503 2666 1696 2710 vocabuli
1755 2665 1959 2709 Pindarus

326 2747 461 2789 utitur
491 2746 611 2802 Pyth.
643 2746 701 2789 IX
724 2747 793 2799 40,
824 2745 945 2788 Nem.
977 2745 1079 2787 VIII
1101 2746 1139 2787 1.
1214 2743 1423 2786 Nimirum
1461 2743 1560 2785 Ant.
1593 2741 1774 2798 pluralia
1803 2739 1959 2796 φιλότη-

327 2836 407 2873 τας,
453 2822 630 2877 ἱδρώτων
667 2820 850 2874 adhibet,
888 2827 936 2863 ut
970 2834 1036 2863 res
1073 2819 1244 2862 maioris
1281 2818 1481 2861 momenti
1525 2830 1615 2860 esse
1656 2815 1861 2869 videatur,
1905 2815 1957 2857 cf.

328 2896 463 2944 ὕδατα,
499 2896 660 2949 αἵματα,
699 2910 799 2938 nam
836 2894 922 2938 ἔσθ’
963 2895 1063 2937 ὅπου
1099 2894 1333 2951 προσπίπτει
1368 2893 1417 2935 τὰ
1447 2891 1690 2949 πληθυντικὰ
1721 2893 1958 2946 μεγαλορρη-

327 2971 541 3027 μονέστερα
575 2973 640 3014 καὶ
677 2970 785 3027 αὐτῷ
824 2970 1108 3016 δοξοκοποΰντα
1143 2973 1200 3026 τῷ
1239 2968 1351 3026 ὄχλῳ
1383 2971 1450 3011 τοῦ
1482 2968 1654 3024 ἀριθμοῦ
1685 2965 1803 3022 (Περὶ
1835 2965 1959 3022 ὕψους
