<?xml version="1.0" encoding="UTF-8"?>
<!DOCTYPE html PUBLIC "-//W3C//DTD XHTML 1.0 Transitional//EN"
    "http://www.w3.org/TR/xhtml1/DTD/xhtml1-transitional.dtd">
<html xmlns="http://www.w3.org/1999/xhtml" xml:lang="en" lang="en">
 <head>
  <title>
</title>
<meta http-equiv="Content-Type" content="text/html;charset=utf-8" />
  <meta name='ocr-system' content='tesseract 3.04.00' />
  <meta name='ocr-capabilities' content='ocr_page ocr_carea ocr_par ocr_line ocrx_word'/>
</head>
<body>
  <div class='ocr_page' id='page_1' title='image "./deantiphontissop00jacouoft_0053.png"; bbox 0 0 2170 3412; ppageno 0'>
   <div class='ocr_carea' id='block_1_1' title="bbox 890 246 1176 289">
    <p class='ocr_par' dir='ltr' id='par_1_1' title="bbox 890 246 1176 289">
     <span class='ocr_line' id='line_1_1' title="bbox 890 246 1176 289; baseline 0.003 -13"><span class='ocrx_word' id='word_1_1' title='bbox 890 246 1176 289; x_wconf 78' lang='lat'>-49-</span> 
     </span>
    </p>
   </div>
   <div class='ocr_carea' id='block_1_2' title="bbox 153 359 1847 2952">
    <p class='ocr_par' dir='ltr' id='par_1_2' title="bbox 212 359 1845 493">
     <span class='ocr_line' id='line_1_2' title="bbox 213 359 1845 418; baseline -0.001 -13"><span class='ocrx_word' id='word_1_2' title='bbox 213 362 442 406; x_wconf 78' lang='lat' dir='ltr'><strong>veniuntur</strong></span> <span class='ocrx_word' id='word_1_3' title='bbox 473 361 584 418; x_wconf 83' lang='lat' dir='ltr'><strong>apud</strong></span> <span class='ocrx_word' id='word_1_4' title='bbox 613 361 920 418; x_wconf 87' lang='lat' dir='ltr'><strong>Antiphontem</strong></span> <span class='ocrx_word' id='word_1_5' title='bbox 952 359 1259 403; x_wconf 85' lang='lat' dir='ltr'><strong>Rhamnusium</strong></span> <span class='ocrx_word' id='word_1_6' title='bbox 1286 359 1360 415; x_wconf 82' lang='lat' dir='ltr'><strong>(cf.</strong></span> <span class='ocrx_word' id='word_1_7' title='bbox 1391 359 1522 414; x_wconf 87' lang='lat' dir='ltr'><strong>Blass,</strong></span> <span class='ocrx_word' id='word_1_8' title='bbox 1554 360 1632 403; x_wconf 90' lang='lat' dir='ltr'><strong>Die</strong></span> <span class='ocrx_word' id='word_1_9' title='bbox 1659 360 1749 404; x_wconf 88' lang='lat' dir='ltr'><strong>Att.</strong></span> <span class='ocrx_word' id='word_1_10' title='bbox 1771 361 1845 404; x_wconf 89' lang='lat' dir='ltr'><strong>Be-</strong></span> 
     </span>
     <span class='ocr_line' id='line_1_3' title="bbox 212 434 1523 493; baseline -0.002 -13"><span class='ocrx_word' id='word_1_11' title='bbox 212 436 420 480; x_wconf 79' lang='lat' dir='ltr'><strong>redsamk.</strong></span> <span class='ocrx_word' id='word_1_12' title='bbox 453 451 494 493; x_wconf 91' lang='lat' dir='ltr'><strong>p.</strong></span> <span class='ocrx_word' id='word_1_13' title='bbox 528 436 644 491; x_wconf 81' lang='lat'>126),</span> <span class='ocrx_word' id='word_1_14' title='bbox 677 436 796 479; x_wconf 86' lang='lat' dir='ltr'><strong>nulla</strong></span> <span class='ocrx_word' id='word_1_15' title='bbox 825 435 936 492; x_wconf 86' lang='lat' dir='ltr'><strong>apud</strong></span> <span class='ocrx_word' id='word_1_16' title='bbox 966 435 1176 491; x_wconf 76' lang='lat' dir='ltr'>Gorgiam,</span> <span class='ocrx_word' id='word_1_17' title='bbox 1206 435 1344 477; x_wconf 89' lang='lat' dir='ltr'><strong>Anon.</strong></span> <span class='ocrx_word' id='word_1_18' title='bbox 1375 434 1523 477; x_wconf 89' lang='lat' dir='ltr'><strong>Iambl.</strong></span> 
     </span>
    </p>

    <p class='ocr_par' dir='ltr' id='par_1_3' title="bbox 212 509 1847 716">
     <span class='ocr_line' id='line_1_4' title="bbox 327 509 1846 567; baseline 0 -13"><span class='ocrx_word' id='word_1_19' title='bbox 327 512 376 555; x_wconf 90' lang='lat' dir='ltr'><strong>In</strong></span> <span class='ocrx_word' id='word_1_20' title='bbox 408 512 457 554; x_wconf 86' lang='lat' dir='ltr'><strong>fr.</strong></span> <span class='ocrx_word' id='word_1_21' title='bbox 487 513 542 554; x_wconf 74' lang='lat'><strong>51</strong></span> <span class='ocrx_word' id='word_1_22' title='bbox 577 512 723 567; x_wconf 78' lang='grc' dir='ltr'><strong>σμικρά</strong></span> <span class='ocrx_word' id='word_1_23' title='bbox 752 511 942 566; x_wconf 88' lang='lat' dir='ltr'><strong>legimus,</strong></span> <span class='ocrx_word' id='word_1_24' title='bbox 974 524 1081 566; x_wconf 88' lang='lat' dir='ltr'><strong>quae</strong></span> <span class='ocrx_word' id='word_1_25' title='bbox 1110 510 1244 553; x_wconf 81' lang='lat' dir='ltr'><strong>forma</strong></span> <span class='ocrx_word' id='word_1_26' title='bbox 1262 509 1307 552; x_wconf 91' lang='lat' dir='ltr'><strong>in</strong></span> <span class='ocrx_word' id='word_1_27' title='bbox 1328 509 1672 566; x_wconf 82' lang='lat' dir='ltr'><strong>inscriptionibus</strong></span> <span class='ocrx_word' id='word_1_28' title='bbox 1693 511 1846 554; x_wconf 88' lang='lat' dir='ltr'><strong>Atticis</strong></span> 
     </span>
     <span class='ocr_line' id='line_1_5' title="bbox 213 584 1847 643; baseline -0.001 -14"><span class='ocrx_word' id='word_1_29' title='bbox 213 600 320 630; x_wconf 90' lang='lat' dir='ltr'><strong>saec.</strong></span> <span class='ocrx_word' id='word_1_30' title='bbox 342 587 393 629; x_wconf 86' lang='lat' dir='ltr'><strong>V.</strong></span> <span class='ocrx_word' id='word_1_31' title='bbox 416 592 459 630; x_wconf 89' lang='lat' dir='ltr'><strong>et</strong></span> <span class='ocrx_word' id='word_1_32' title='bbox 489 593 652 643; x_wconf 88' lang='lat' dir='ltr'><strong>praeter</strong></span> <span class='ocrx_word' id='word_1_33' title='bbox 682 591 825 642; x_wconf 83' lang='lat' dir='ltr'><strong>poetas</strong></span> <span class='ocrx_word' id='word_1_34' title='bbox 855 585 966 642; x_wconf 84' lang='lat' dir='ltr'><strong>apud</strong></span> <span class='ocrx_word' id='word_1_35' title='bbox 996 585 1126 628; x_wconf 86' lang='lat' dir='ltr'><strong>Thuc.</strong></span> <span class='ocrx_word' id='word_1_36' title='bbox 1149 589 1191 628; x_wconf 91' lang='lat' dir='ltr'><strong>et</strong></span> <span class='ocrx_word' id='word_1_37' title='bbox 1211 584 1318 627; x_wconf 86' lang='lat' dir='ltr'><strong>Plat.</strong></span> <span class='ocrx_word' id='word_1_38' title='bbox 1348 584 1566 641; x_wconf 89' lang='lat' dir='ltr'><strong>reperitur.</strong></span> <span class='ocrx_word' id='word_1_39' title='bbox 1626 584 1847 628; x_wconf 85' lang='lat' dir='ltr'><strong>Praeterea</strong></span> 
     </span>
     <span class='ocr_line' id='line_1_6' title="bbox 212 659 1781 716; baseline -0.001 -12"><span class='ocrx_word' id='word_1_40' title='bbox 212 661 256 704; x_wconf 92' lang='lat' dir='ltr'><strong>in</strong></span> <span class='ocrx_word' id='word_1_41' title='bbox 288 662 445 704; x_wconf 87' lang='lat' dir='ltr'><strong>Atticis</strong></span> <span class='ocrx_word' id='word_1_42' title='bbox 475 661 717 704; x_wconf 84' lang='lat' dir='ltr'>nominibus</span> <span class='ocrx_word' id='word_1_43' title='bbox 747 665 914 703; x_wconf 87' lang='lat' dir='ltr'><strong>servata</strong></span> <span class='ocrx_word' id='word_1_44' title='bbox 942 666 1018 703; x_wconf 89' lang='lat' dir='ltr'><strong>est.</strong></span> <span class='ocrx_word' id='word_1_45' title='bbox 1080 659 1139 703; x_wconf 84' lang='lat' dir='ltr'><strong>Cf.</strong></span> <span class='ocrx_word' id='word_1_46' title='bbox 1171 659 1388 715; x_wconf 84' lang='lat' dir='ltr'><strong>Kirchner‚</strong></span> <span class='ocrx_word' id='word_1_47' title='bbox 1419 659 1659 716; x_wconf 87' lang='lat' dir='ltr'><strong>Prosopogr.</strong></span> <span class='ocrx_word' id='word_1_48' title='bbox 1691 661 1781 703; x_wconf 84' lang='lat' dir='ltr'><strong>Att.</strong></span> 
     </span>
    </p>

    <p class='ocr_par' dir='ltr' id='par_1_4' title="bbox 209 734 1845 1016">
     <span class='ocr_line' id='line_1_7' title="bbox 327 734 1845 792; baseline -0.001 -13"><span class='ocrx_word' id='word_1_49' title='bbox 327 737 517 779; x_wconf 90' lang='lat' dir='ltr'><strong>Ionicum</strong></span> <span class='ocrx_word' id='word_1_50' title='bbox 548 750 610 787; x_wconf 88' lang='grc' dir='ltr'><strong>σσ,</strong></span> <span class='ocrx_word' id='word_1_51' title='bbox 648 735 757 791; x_wconf 90' lang='lat' dir='ltr'><strong>quod</strong></span> <span class='ocrx_word' id='word_1_52' title='bbox 788 735 946 777; x_wconf 86' lang='lat' dir='ltr'><strong>habent</strong></span> <span class='ocrx_word' id='word_1_53' title='bbox 977 735 1112 790; x_wconf 88' lang='lat' dir='ltr'><strong>Gorg.,</strong></span> <span class='ocrx_word' id='word_1_54' title='bbox 1145 735 1289 788; x_wconf 69' lang='lat' dir='ltr'><strong>Thuc„</strong></span> <span class='ocrx_word' id='word_1_55' title='bbox 1327 735 1427 778; x_wconf 87' lang='lat' dir='ltr'><strong>Ant.</strong></span> <span class='ocrx_word' id='word_1_56' title='bbox 1459 734 1552 788; x_wconf 84' lang='lat' dir='ltr'><strong>Rh.‚</strong></span> <span class='ocrx_word' id='word_1_57' title='bbox 1590 741 1764 792; x_wconf 89' lang='lat' dir='ltr'><strong>apparet</strong></span> <span class='ocrx_word' id='word_1_58' title='bbox 1798 736 1845 778; x_wconf 91' lang='lat' dir='ltr'><strong>in</strong></span> 
     </span>
     <span class='ocr_line' id='line_1_8' title="bbox 209 808 1845 865; baseline -0.001 -11"><span class='ocrx_word' id='word_1_59' title='bbox 209 813 259 854; x_wconf 85' lang='lat' dir='ltr'><strong>fr.</strong></span> <span class='ocrx_word' id='word_1_60' title='bbox 290 812 347 855; x_wconf 81' lang='lat'><strong>54</strong></span> <span class='ocrx_word' id='word_1_61' title='bbox 378 810 555 863; x_wconf 84' lang='grc' dir='ltr'><strong>ἔλασσον,</strong></span> <span class='ocrx_word' id='word_1_62' title='bbox 586 811 636 853; x_wconf 82' lang='lat' dir='ltr'><strong>fr.</strong></span> <span class='ocrx_word' id='word_1_63' title='bbox 667 810 720 853; x_wconf 87' lang='lat'><strong>61</strong></span> <span class='ocrx_word' id='word_1_64' title='bbox 754 809 1051 864; x_wconf 81' lang='grc' dir='ltr'>ἐκπλήσσοιντο,</span> <span class='ocrx_word' id='word_1_65' title='bbox 1087 811 1136 853; x_wconf 76' lang='lat' dir='ltr'><strong>fr.</strong></span> <span class='ocrx_word' id='word_1_66' title='bbox 1170 811 1225 853; x_wconf 82' lang='lat'><strong>76</strong></span> <span class='ocrx_word' id='word_1_67' title='bbox 1252 808 1429 865; x_wconf 84' lang='grc' dir='ltr'>(Πολιτ.)</span> <span class='ocrx_word' id='word_1_68' title='bbox 1464 811 1712 865; x_wconf 83' lang='grc' dir='ltr'><strong>ἡσσώμενον,</strong></span> <span class='ocrx_word' id='word_1_69' title='bbox 1749 810 1845 854; x_wconf 90' lang='lat' dir='ltr'><strong>reli·</strong></span> 
     </span>
     <span class='ocr_line' id='line_1_9' title="bbox 212 885 1844 943; baseline -0.001 -14"><span class='ocrx_word' id='word_1_70' title='bbox 212 887 307 943; x_wconf 90' lang='lat' dir='ltr'><strong>quis</strong></span> <span class='ocrx_word' id='word_1_71' title='bbox 335 886 437 929; x_wconf 89' lang='lat' dir='ltr'><strong>locis</strong></span> <span class='ocrx_word' id='word_1_72' title='bbox 466 902 520 928; x_wconf 86' lang='grc' dir='ltr'><strong>ττ.</strong></span> <span class='ocrx_word' id='word_1_73' title='bbox 552 910 608 916; x_wconf 94' lang='grc'>-</span> <span class='ocrx_word' id='word_1_74' title='bbox 638 886 755 928; x_wconf 81' lang='grc' dir='ltr'>δισσά</span> <span class='ocrx_word' id='word_1_75' title='bbox 786 899 867 942; x_wconf 92' lang='lat' dir='ltr'><strong>quo</strong></span> <span class='ocrx_word' id='word_1_76' title='bbox 888 885 1036 940; x_wconf 84' lang='lat' dir='ltr'><strong>tragici</strong></span> <span class='ocrx_word' id='word_1_77' title='bbox 1057 890 1248 940; x_wconf 88' lang='lat' dir='ltr'><strong>utuntur,</strong></span> <span class='ocrx_word' id='word_1_78' title='bbox 1280 899 1501 928; x_wconf 90' lang='lat' dir='ltr'><strong>commune</strong></span> <span class='ocrx_word' id='word_1_79' title='bbox 1522 890 1585 928; x_wconf 86' lang='lat' dir='ltr'><strong>est</strong></span> <span class='ocrx_word' id='word_1_80' title='bbox 1603 886 1704 928; x_wconf 89' lang='lat' dir='ltr'><strong>Ant.</strong></span> <span class='ocrx_word' id='word_1_81' title='bbox 1726 886 1844 942; x_wconf 89' lang='lat' dir='ltr'><strong>soph.</strong></span> 
     </span>
     <span class='ocr_line' id='line_1_10' title="bbox 211 960 1198 1016; baseline -0.002 -12"><span class='ocrx_word' id='word_1_82' title='bbox 211 961 280 1016; x_wconf 81' lang='lat' dir='ltr'><strong>(fr.</strong></span> <span class='ocrx_word' id='word_1_83' title='bbox 310 961 389 1016; x_wconf 88' lang='grc'><strong>49)</strong></span> <span class='ocrx_word' id='word_1_84' title='bbox 418 975 511 1004; x_wconf 91' lang='lat' dir='ltr'><strong>cum</strong></span> <span class='ocrx_word' id='word_1_85' title='bbox 544 961 695 1015; x_wconf 80' lang='lat' dir='ltr'><strong>Gorgia</strong></span> <span class='ocrx_word' id='word_1_86' title='bbox 725 960 798 1016; x_wconf 89' lang='lat' dir='ltr'><strong>(cf.</strong></span> <span class='ocrx_word' id='word_1_87' title='bbox 830 961 880 1002; x_wconf 86' lang='lat' dir='ltr'><strong>fr.</strong></span> <span class='ocrx_word' id='word_1_88' title='bbox 912 961 952 1004; x_wconf 86' lang='lat'><strong>6.</strong></span> <span class='ocrx_word' id='word_1_89' title='bbox 985 961 1078 1003; x_wconf 88' lang='lat' dir='ltr'><strong>Hel.</strong></span> <span class='ocrx_word' id='word_1_90' title='bbox 1114 960 1198 1015; x_wconf 89' lang='lat'><strong>10).</strong></span> 
     </span>
    </p>

    <p class='ocr_par' dir='ltr' id='par_1_5' title="bbox 209 1035 1841 1155">
     <span class='ocr_line' id='line_1_11' title="bbox 326 1035 1841 1093; baseline 0 -14"><span class='ocrx_word' id='word_1_91' title='bbox 326 1037 498 1079; x_wconf 91' lang='lat' dir='ltr'><strong>Ionica</strong></span> <span class='ocrx_word' id='word_1_92' title='bbox 527 1050 622 1079; x_wconf 91' lang='lat' dir='ltr'><strong>cum</strong></span> <span class='ocrx_word' id='word_1_93' title='bbox 650 1036 703 1078; x_wconf 88' lang='lat' dir='ltr'><strong>ab</strong></span> <span class='ocrx_word' id='word_1_94' title='bbox 726 1036 913 1092; x_wconf 84' lang='lat' dir='ltr'><strong>antiquis</strong></span> <span class='ocrx_word' id='word_1_95' title='bbox 933 1036 1206 1093; x_wconf 80' lang='lat' dir='ltr'><strong>scriptoribus</strong></span> <span class='ocrx_word' id='word_1_96' title='bbox 1226 1035 1382 1079; x_wconf 85' lang='lat' dir='ltr'><strong>Atticis</strong></span> <span class='ocrx_word' id='word_1_97' title='bbox 1413 1041 1504 1079; x_wconf 92' lang='lat' dir='ltr'><strong>tum</strong></span> <span class='ocrx_word' id='word_1_98' title='bbox 1526 1036 1578 1079; x_wconf 91' lang='lat' dir='ltr'><strong>ab</strong></span> <span class='ocrx_word' id='word_1_99' title='bbox 1600 1036 1701 1079; x_wconf 87' lang='lat' dir='ltr'><strong>Ant.</strong></span> <span class='ocrx_word' id='word_1_100' title='bbox 1723 1037 1841 1093; x_wconf 87' lang='lat' dir='ltr'><strong>soph.</strong></span> 
     </span>
     <span class='ocr_line' id='line_1_12' title="bbox 209 1111 602 1155; baseline -0.005 0"><span class='ocrx_word' id='word_1_101' title='bbox 209 1125 294 1155; x_wconf 90' lang='lat' dir='ltr'><strong>non</strong></span> <span class='ocrx_word' id='word_1_102' title='bbox 324 1116 423 1154; x_wconf 92' lang='lat' dir='ltr'><strong>sunt</strong></span> <span class='ocrx_word' id='word_1_103' title='bbox 453 1111 602 1155; x_wconf 83' lang='lat' dir='ltr'><strong>aliena.</strong></span> 
     </span>
    </p>

    <p class='ocr_par' dir='ltr' id='par_1_6' title="bbox 210 1185 1844 1305">
     <span class='ocr_line' id='line_1_13' title="bbox 321 1185 1844 1244; baseline 0.001 -15"><span class='ocrx_word' id='word_1_104' title='bbox 321 1185 463 1243; x_wconf 74' lang='grc' dir='ltr'>Ἀληθ.</span> <span class='ocrx_word' id='word_1_105' title='bbox 479 1189 527 1229; x_wconf 86' lang='lat' dir='ltr'><strong>fr.</strong></span> <span class='ocrx_word' id='word_1_106' title='bbox 545 1186 573 1229; x_wconf 90' lang='grc'>8</span> <span class='ocrx_word' id='word_1_107' title='bbox 599 1186 737 1242; x_wconf 77' lang='grc' dir='ltr'>ὀδμαῖς,</span> <span class='ocrx_word' id='word_1_108' title='bbox 765 1185 948 1239; x_wconf 87' lang='grc' dir='ltr'>εὐοδμίαν</span> <span class='ocrx_word' id='word_1_109' title='bbox 979 1187 1063 1229; x_wconf 91' lang='lat' dir='ltr'><strong>ion.</strong></span> <span class='ocrx_word' id='word_1_110' title='bbox 1096 1192 1137 1229; x_wconf 89' lang='lat' dir='ltr'><strong>et</strong></span> <span class='ocrx_word' id='word_1_111' title='bbox 1167 1185 1271 1229; x_wconf 88' lang='lat' dir='ltr'><strong>aeol.</strong></span> <span class='ocrx_word' id='word_1_112' title='bbox 1292 1187 1471 1230; x_wconf 85' lang='lat' dir='ltr'><strong>formam</strong></span> <span class='ocrx_word' id='word_1_113' title='bbox 1497 1186 1654 1230; x_wconf 85' lang='lat' dir='ltr'><strong>habent</strong></span> <span class='ocrx_word' id='word_1_114' title='bbox 1682 1192 1844 1244; x_wconf 89' lang='lat' dir='ltr'><strong>poetae,</strong></span> 
     </span>
     <span class='ocr_line' id='line_1_14' title="bbox 210 1262 362 1305; baseline -0.007 0"><span class='ocrx_word' id='word_1_115' title='bbox 210 1262 362 1305; x_wconf 83' lang='lat' dir='ltr'><strong>Herod.</strong></span> 
     </span>
    </p>

    <p class='ocr_par' dir='ltr' id='par_1_7' title="bbox 207 1335 1844 1836">
     <span class='ocr_line' id='line_1_15' title="bbox 323 1335 1844 1393; baseline 0.001 -15"><span class='ocrx_word' id='word_1_116' title='bbox 323 1336 387 1379; x_wconf 87' lang='lat' dir='ltr'><strong>Fr.</strong></span> <span class='ocrx_word' id='word_1_117' title='bbox 418 1336 475 1379; x_wconf 87' lang='grc'><strong>49</strong></span> <span class='ocrx_word' id='word_1_118' title='bbox 515 1335 755 1389; x_wconf 81' lang='grc' dir='ltr'>καταθύμιος</span> <span class='ocrx_word' id='word_1_119' title='bbox 796 1335 1047 1378; x_wconf 89' lang='lat' dir='ltr'><strong>vocabulum</strong></span> <span class='ocrx_word' id='word_1_120' title='bbox 1091 1340 1154 1378; x_wconf 87' lang='lat' dir='ltr'><strong>est</strong></span> <span class='ocrx_word' id='word_1_121' title='bbox 1191 1349 1286 1379; x_wconf 88' lang='lat' dir='ltr'><strong>vere</strong></span> <span class='ocrx_word' id='word_1_122' title='bbox 1322 1336 1530 1389; x_wconf 88' lang='lat' dir='ltr'><strong>Ionicum,</strong></span> <span class='ocrx_word' id='word_1_123' title='bbox 1585 1350 1665 1392; x_wconf 93' lang='lat' dir='ltr'><strong>quo</strong></span> <span class='ocrx_word' id='word_1_124' title='bbox 1707 1350 1844 1393; x_wconf 89' lang='lat' dir='ltr'><strong>neque</strong></span> 
     </span>
     <span class='ocr_line' id='line_1_16' title="bbox 209 1410 1844 1469; baseline 0.001 -16"><span class='ocrx_word' id='word_1_125' title='bbox 209 1411 355 1466; x_wconf 80' lang='lat' dir='ltr'><strong>tragici</strong></span> <span class='ocrx_word' id='word_1_126' title='bbox 385 1424 521 1467; x_wconf 90' lang='lat' dir='ltr'><strong>neque</strong></span> <span class='ocrx_word' id='word_1_127' title='bbox 561 1411 781 1467; x_wconf 83' lang='lat' dir='ltr'><strong>scriptores</strong></span> <span class='ocrx_word' id='word_1_128' title='bbox 811 1411 943 1453; x_wconf 88' lang='lat' dir='ltr'><strong>Attici</strong></span> <span class='ocrx_word' id='word_1_129' title='bbox 981 1415 1170 1453; x_wconf 88' lang='lat' dir='ltr'><strong>utuntur.</strong></span> <span class='ocrx_word' id='word_1_130' title='bbox 1239 1410 1319 1454; x_wconf 87' lang='lat' dir='ltr'><strong>Sed</strong></span> <span class='ocrx_word' id='word_1_131' title='bbox 1357 1411 1572 1455; x_wconf 86' lang='lat' dir='ltr'><strong>invenitur</strong></span> <span class='ocrx_word' id='word_1_132' title='bbox 1607 1426 1673 1469; x_wconf 89' lang='lat' dir='ltr'><strong>ap.</strong></span> <span class='ocrx_word' id='word_1_133' title='bbox 1705 1412 1844 1466; x_wconf 90' lang='lat' dir='ltr'><strong>Hom.‚</strong></span> 
     </span>
     <span class='ocr_line' id='line_1_17' title="bbox 208 1486 1842 1542; baseline 0.001 -13"><span class='ocrx_word' id='word_1_134' title='bbox 208 1486 385 1540; x_wconf 66' lang='lat' dir='ltr'><strong>Eumol„</strong></span> <span class='ocrx_word' id='word_1_135' title='bbox 417 1486 583 1542; x_wconf 87' lang='lat' dir='ltr'><strong>Theog.‚</strong></span> <span class='ocrx_word' id='word_1_136' title='bbox 614 1486 768 1529; x_wconf 85' lang='lat' dir='ltr'><strong>Herod.</strong></span> <span class='ocrx_word' id='word_1_137' title='bbox 800 1487 904 1538; x_wconf 79' lang='lat'><strong>5‚39</strong></span> <span class='ocrx_word' id='word_1_138' title='bbox 936 1486 1181 1541; x_wconf 77' lang='grc' dir='ltr'>καταθυμίης</span> <span class='ocrx_word' id='word_1_139' title='bbox 1209 1500 1265 1529; x_wconf 87' lang='lat' dir='ltr'><strong>sc.</strong></span> <span class='ocrx_word' id='word_1_140' title='bbox 1296 1487 1491 1542; x_wconf 77' lang='grc' dir='ltr'>γυναικός,</span> <span class='ocrx_word' id='word_1_141' title='bbox 1522 1487 1624 1530; x_wconf 91' lang='lat' dir='ltr'><strong>item</strong></span> <span class='ocrx_word' id='word_1_142' title='bbox 1661 1488 1712 1531; x_wconf 90' lang='lat' dir='ltr'><strong>de</strong></span> <span class='ocrx_word' id='word_1_143' title='bbox 1747 1502 1842 1531; x_wconf 91' lang='lat' dir='ltr'><strong>mu-</strong></span> 
     </span>
     <span class='ocr_line' id='line_1_18' title="bbox 207 1561 1842 1618; baseline 0.001 -13"><span class='ocrx_word' id='word_1_144' title='bbox 207 1562 308 1605; x_wconf 88' lang='lat' dir='ltr'><strong>liere</strong></span> <span class='ocrx_word' id='word_1_145' title='bbox 336 1562 436 1605; x_wconf 88' lang='lat' dir='ltr'><strong>Ant.</strong></span> <span class='ocrx_word' id='word_1_146' title='bbox 467 1561 600 1618; x_wconf 67' lang='lat' dir='ltr'><strong>soph„</strong></span> <span class='ocrx_word' id='word_1_147' title='bbox 632 1563 682 1605; x_wconf 85' lang='lat' dir='ltr'><strong>cf.</strong></span> <span class='ocrx_word' id='word_1_148' title='bbox 706 1562 895 1604; x_wconf 89' lang='lat' dir='ltr'><strong>Democr.</strong></span> <span class='ocrx_word' id='word_1_149' title='bbox 928 1562 975 1604; x_wconf 82' lang='lat' dir='ltr'><strong>fr.</strong></span> <span class='ocrx_word' id='word_1_150' title='bbox 998 1561 1079 1604; x_wconf 79' lang='lat'><strong>277</strong></span> <span class='ocrx_word' id='word_1_151' title='bbox 1103 1562 1168 1603; x_wconf 85' lang='grc' dir='ltr'><strong>τὸν</strong></span> <span class='ocrx_word' id='word_1_152' title='bbox 1189 1563 1310 1604; x_wconf 80' lang='grc' dir='ltr'>παῖδα</span> <span class='ocrx_word' id='word_1_153' title='bbox 1330 1562 1463 1618; x_wconf 81' lang='grc' dir='ltr'>λαβεῖν</span> <span class='ocrx_word' id='word_1_154' title='bbox 1484 1562 1724 1616; x_wconf 79' lang='grc' dir='ltr'>καταθύμιον</span> <span class='ocrx_word' id='word_1_155' title='bbox 1755 1563 1783 1605; x_wconf 89' lang='lat' dir='ltr'><strong>i.</strong></span> <span class='ocrx_word' id='word_1_156' title='bbox 1806 1578 1842 1607; x_wconf 90' lang='lat' dir='ltr'><strong>e.</strong></span> 
     </span>
     <span class='ocr_line' id='line_1_19' title="bbox 207 1635 1843 1693; baseline 0.001 -14"><span class='ocrx_word' id='word_1_157' title='bbox 207 1636 278 1692; x_wconf 89' lang='lat' dir='ltr'><strong>qui</strong></span> <span class='ocrx_word' id='word_1_158' title='bbox 309 1636 451 1678; x_wconf 89' lang='lat' dir='ltr'><strong>animo</strong></span> <span class='ocrx_word' id='word_1_159' title='bbox 482 1636 632 1693; x_wconf 90' lang='lat' dir='ltr'><strong>placet.</strong></span> <span class='ocrx_word' id='word_1_160' title='bbox 694 1635 898 1678; x_wconf 84' lang='lat' dir='ltr'><strong>Similiter</strong></span> <span class='ocrx_word' id='word_1_161' title='bbox 928 1649 972 1678; x_wconf 91' lang='lat' dir='ltr'><strong>se</strong></span> <span class='ocrx_word' id='word_1_162' title='bbox 1003 1635 1129 1678; x_wconf 84' lang='lat' dir='ltr'><strong>habet</strong></span> <span class='ocrx_word' id='word_1_163' title='bbox 1165 1649 1260 1692; x_wconf 88' lang='lat' dir='ltr'><strong>opp.</strong></span> <span class='ocrx_word' id='word_1_164' title='bbox 1298 1636 1519 1692; x_wconf 77' lang='grc' dir='ltr'>ἀποθύμιος</span> <span class='ocrx_word' id='word_1_165' title='bbox 1555 1637 1692 1692; x_wconf 89' lang='lat' dir='ltr'><strong>Hom.,</strong></span> <span class='ocrx_word' id='word_1_166' title='bbox 1729 1637 1843 1692; x_wconf 61' lang='lat' dir='ltr'><strong>Hes„</strong></span> 
     </span>
     <span class='ocr_line' id='line_1_20' title="bbox 207 1709 1843 1765; baseline 0.001 -14"><span class='ocrx_word' id='word_1_167' title='bbox 207 1709 372 1752; x_wconf 90' lang='lat' dir='ltr'><strong>Semon.</strong></span> <span class='ocrx_word' id='word_1_168' title='bbox 404 1709 452 1751; x_wconf 83' lang='lat' dir='ltr'><strong>fr.</strong></span> <span class='ocrx_word' id='word_1_169' title='bbox 486 1709 526 1762; x_wconf 74' lang='lat'><strong>7,</strong></span> <span class='ocrx_word' id='word_1_170' title='bbox 557 1709 727 1762; x_wconf 86' lang='lat' dir='ltr'><strong>Herod.;</strong></span> <span class='ocrx_word' id='word_1_171' title='bbox 761 1709 943 1764; x_wconf 79' lang='grc' dir='ltr'>ἐνθύμιος</span> <span class='ocrx_word' id='word_1_172' title='bbox 975 1715 1134 1765; x_wconf 86' lang='lat' dir='ltr'><strong>poetae,</strong></span> <span class='ocrx_word' id='word_1_173' title='bbox 1166 1709 1332 1762; x_wconf 90' lang='lat' dir='ltr'><strong>Herod.‚</strong></span> <span class='ocrx_word' id='word_1_174' title='bbox 1362 1710 1436 1753; x_wconf 91' lang='lat' dir='ltr'><strong>sed</strong></span> <span class='ocrx_word' id='word_1_175' title='bbox 1467 1711 1596 1753; x_wconf 87' lang='lat' dir='ltr'><strong>etiam</strong></span> <span class='ocrx_word' id='word_1_176' title='bbox 1626 1711 1726 1754; x_wconf 89' lang='lat' dir='ltr'><strong>Ant.</strong></span> <span class='ocrx_word' id='word_1_177' title='bbox 1749 1711 1843 1765; x_wconf 89' lang='lat' dir='ltr'><strong>Rh.‚</strong></span> 
     </span>
     <span class='ocr_line' id='line_1_21' title="bbox 207 1782 1617 1836; baseline 0.002 -11"><span class='ocrx_word' id='word_1_178' title='bbox 207 1782 353 1836; x_wconf 66' lang='lat' dir='ltr'><strong>Thac„</strong></span> <span class='ocrx_word' id='word_1_179' title='bbox 384 1783 536 1827; x_wconf 90' lang='lat' dir='ltr'><strong>deinde</strong></span> <span class='ocrx_word' id='word_1_180' title='bbox 566 1798 647 1826; x_wconf 83' lang='lat' dir='ltr'><strong>vox</strong></span> <span class='ocrx_word' id='word_1_181' title='bbox 679 1783 889 1833; x_wconf 80' lang='lat' dir='ltr'><strong>exolescit,</strong></span> <span class='ocrx_word' id='word_1_182' title='bbox 921 1784 971 1826; x_wconf 84' lang='lat' dir='ltr'><strong>cf.</strong></span> <span class='ocrx_word' id='word_1_183' title='bbox 1006 1783 1177 1826; x_wconf 89' lang='lat' dir='ltr'><strong>Wilam.</strong></span> <span class='ocrx_word' id='word_1_184' title='bbox 1210 1783 1264 1826; x_wconf 86' lang='lat' dir='ltr'><strong>ad</strong></span> <span class='ocrx_word' id='word_1_185' title='bbox 1294 1784 1415 1827; x_wconf 90' lang='lat' dir='ltr'><strong>Herc.</strong></span> <span class='ocrx_word' id='word_1_186' title='bbox 1447 1798 1487 1827; x_wconf 83' lang='lat' dir='ltr'><strong>v.</strong></span> <span class='ocrx_word' id='word_1_187' title='bbox 1520 1785 1617 1829; x_wconf 81' lang='lat'><strong>722.</strong></span> 
     </span>
    </p>

    <p class='ocr_par' dir='ltr' id='par_1_8' title="bbox 206 1841 1841 2063">
     <span class='ocr_line' id='line_1_22' title="bbox 322 1841 1841 1915; baseline 0.003 -16"><span class='ocrx_word' id='word_1_188' title='bbox 322 1857 390 1900; x_wconf 89' lang='lat' dir='ltr'><strong>Fr.</strong></span> <span class='ocrx_word' id='word_1_189' title='bbox 406 1857 463 1900; x_wconf 88' lang='lat'><strong>49</strong></span> <span class='ocrx_word' id='word_1_190' title='bbox 490 1858 722 1912; x_wconf 79' lang='grc' dir='ltr'>παλίγκοτος</span> <span class='ocrx_word' id='word_1_191' title='bbox 752 1841 917 1915; x_wconf 72' lang='lat' dir='ltr'><strong>praeter</strong></span> <span class='ocrx_word' id='word_1_192' title='bbox 946 1862 1092 1915; x_wconf 87' lang='lat' dir='ltr'><strong>poetas</strong></span> <span class='ocrx_word' id='word_1_193' title='bbox 1123 1857 1195 1912; x_wconf 87' lang='lat' dir='ltr'><strong>(cf.</strong></span> <span class='ocrx_word' id='word_1_194' title='bbox 1217 1857 1454 1901; x_wconf 87' lang='lat' dir='ltr'><strong>Archiloch.</strong></span> <span class='ocrx_word' id='word_1_195' title='bbox 1476 1859 1526 1901; x_wconf 87' lang='lat' dir='ltr'><strong>fr.</strong></span> <span class='ocrx_word' id='word_1_196' title='bbox 1549 1859 1662 1913; x_wconf 64' lang='lat'><strong>832.</strong></span> <span class='ocrx_word' id='word_1_197' title='bbox 1691 1860 1841 1903; x_wconf 90' lang='lat' dir='ltr'><strong>Aesch.</strong></span> 
     </span>
     <span class='ocr_line' id='line_1_23' title="bbox 206 1931 1840 1987; baseline 0.001 -13"><span class='ocrx_word' id='word_1_198' title='bbox 206 1932 284 1987; x_wconf 86' lang='lat' dir='ltr'><strong>Ag.</strong></span> <span class='ocrx_word' id='word_1_199' title='bbox 316 1933 397 1975; x_wconf 82' lang='lat'><strong>571</strong></span> <span class='ocrx_word' id='word_1_200' title='bbox 432 1931 483 1974; x_wconf 90' lang='lat' dir='ltr'><strong>de</strong></span> <span class='ocrx_word' id='word_1_201' title='bbox 515 1932 683 1975; x_wconf 81' lang='lat' dir='ltr'><strong>fortuna</strong></span> <span class='ocrx_word' id='word_1_202' title='bbox 713 1932 900 1985; x_wconf 84' lang='lat' dir='ltr'><strong>adversa,</strong></span> <span class='ocrx_word' id='word_1_203' title='bbox 933 1931 1052 1974; x_wconf 90' lang='lat' dir='ltr'><strong>Pind.</strong></span> <span class='ocrx_word' id='word_1_204' title='bbox 1084 1931 1203 1974; x_wconf 88' lang='lat' dir='ltr'><strong>Nem.</strong></span> <span class='ocrx_word' id='word_1_205' title='bbox 1235 1931 1293 1973; x_wconf 90' lang='lat' dir='ltr'><strong>lv</strong></span> <span class='ocrx_word' id='word_1_206' title='bbox 1326 1932 1383 1975; x_wconf 88' lang='lat'><strong>96</strong></span> <span class='ocrx_word' id='word_1_207' title='bbox 1413 1932 1464 1975; x_wconf 92' lang='lat' dir='ltr'><strong>de</strong></span> <span class='ocrx_word' id='word_1_208' title='bbox 1500 1932 1742 1976; x_wconf 90' lang='lat' dir='ltr'><strong>hominibus</strong></span> <span class='ocrx_word' id='word_1_209' title='bbox 1772 1933 1840 1976; x_wconf 91' lang='lat' dir='ltr'><strong>in-</strong></span> 
     </span>
     <span class='ocr_line' id='line_1_24' title="bbox 206 2005 1838 2063; baseline 0 -15"><span class='ocrx_word' id='word_1_210' title='bbox 206 2005 344 2060; x_wconf 81' lang='lat' dir='ltr'><strong>festis)</strong></span> <span class='ocrx_word' id='word_1_211' title='bbox 366 2005 444 2048; x_wconf 90' lang='lat' dir='ltr'><strong>hac</strong></span> <span class='ocrx_word' id='word_1_212' title='bbox 464 2019 566 2048; x_wconf 87' lang='lat' dir='ltr'><strong>voce</strong></span> <span class='ocrx_word' id='word_1_213' title='bbox 594 2006 816 2062; x_wconf 86' lang='lat' dir='ltr'><strong>scriptores</strong></span> <span class='ocrx_word' id='word_1_214' title='bbox 836 2019 920 2048; x_wconf 91' lang='lat' dir='ltr'><strong>non</strong></span> <span class='ocrx_word' id='word_1_215' title='bbox 945 2011 1123 2048; x_wconf 92' lang='lat' dir='ltr'><strong>utuntur</strong></span> <span class='ocrx_word' id='word_1_216' title='bbox 1142 2005 1225 2049; x_wconf 92' lang='lat' dir='ltr'><strong>nisi</strong></span> <span class='ocrx_word' id='word_1_217' title='bbox 1247 2005 1379 2049; x_wconf 91' lang='lat' dir='ltr'><strong>Ionici</strong></span> <span class='ocrx_word' id='word_1_218' title='bbox 1399 2006 1600 2063; x_wconf 90' lang='lat' dir='ltr'><strong>Hippocr.</strong></span> <span class='ocrx_word' id='word_1_219' title='bbox 1622 2012 1665 2050; x_wconf 91' lang='lat' dir='ltr'><strong>et</strong></span> <span class='ocrx_word' id='word_1_220' title='bbox 1685 2008 1838 2051; x_wconf 87' lang='lat' dir='ltr'><strong>Herod.</strong></span> 
     </span>
    </p>

    <p class='ocr_par' dir='ltr' id='par_1_9' title="bbox 153 2078 1841 2419">
     <span class='ocr_line' id='line_1_25' title="bbox 321 2078 1839 2138; baseline 0.001 -16"><span class='ocrx_word' id='word_1_221' title='bbox 321 2078 568 2122; x_wconf 89' lang='lat' dir='ltr'><strong>Communia</strong></span> <span class='ocrx_word' id='word_1_222' title='bbox 603 2080 730 2122; x_wconf 85' lang='lat' dir='ltr'><strong>babet</strong></span> <span class='ocrx_word' id='word_1_223' title='bbox 772 2084 986 2135; x_wconf 84' lang='lat' dir='ltr'><strong>praeterea</strong></span> <span class='ocrx_word' id='word_1_224' title='bbox 1028 2080 1128 2122; x_wconf 91' lang='lat' dir='ltr'><strong>Ant.</strong></span> <span class='ocrx_word' id='word_1_225' title='bbox 1173 2093 1268 2122; x_wconf 92' lang='lat' dir='ltr'><strong>cum</strong></span> <span class='ocrx_word' id='word_1_226' title='bbox 1313 2079 1400 2123; x_wconf 91' lang='lat' dir='ltr'><strong>solo</strong></span> <span class='ocrx_word' id='word_1_227' title='bbox 1437 2080 1647 2124; x_wconf 87' lang='lat' dir='ltr'><strong>Herodoto</strong></span> <span class='ocrx_word' id='word_1_228' title='bbox 1695 2079 1839 2138; x_wconf 78' lang='grc' dir='ltr'>Ἀληθ.</span> 
     </span>
     <span class='ocr_line' id='line_1_26' title="bbox 204 2152 1841 2211; baseline 0.002 -16"><span class='ocrx_word' id='word_1_229' title='bbox 204 2153 252 2195; x_wconf 74' lang='lat' dir='ltr'><strong>fr.</strong></span> <span class='ocrx_word' id='word_1_230' title='bbox 286 2153 340 2196; x_wconf 88' lang='lat'><strong>18</strong></span> <span class='ocrx_word' id='word_1_231' title='bbox 372 2153 569 2210; x_wconf 84' lang='lat' dir='ltr'><strong>Harpocr.</strong></span> <span class='ocrx_word' id='word_1_232' title='bbox 602 2154 931 2207; x_wconf 76' lang='grc' dir='ltr'>ἀναποδιζόμενα·</span> <span class='ocrx_word' id='word_1_233' title='bbox 971 2154 1053 2196; x_wconf 79' lang='grc' dir='ltr'>ἀντὶ</span> <span class='ocrx_word' id='word_1_234' title='bbox 1090 2155 1159 2195; x_wconf 77' lang='grc' dir='ltr'><strong>τοῦ</strong></span> <span class='ocrx_word' id='word_1_235' title='bbox 1197 2152 1345 2210; x_wconf 81' lang='grc' dir='ltr'>(πάλιν)</span> <span class='ocrx_word' id='word_1_236' title='bbox 1382 2153 1640 2209; x_wconf 77' lang='grc' dir='ltr'>ἐξεταζόμενα</span> <span class='ocrx_word' id='word_1_237' title='bbox 1683 2155 1710 2211; x_wconf 87' lang='grc' dir='ltr'><strong>ἢ</strong></span> <span class='ocrx_word' id='word_1_238' title='bbox 1757 2156 1841 2198; x_wconf 84' lang='grc' dir='ltr'>ἀντὶ</span> 
     </span>
     <span class='ocr_line' id='line_1_27' title="bbox 203 2226 1840 2283; baseline 0.002 -14"><span class='ocrx_word' id='word_1_239' title='bbox 203 2229 272 2269; x_wconf 84' lang='grc' dir='ltr'><strong>τοῦ</strong></span> <span class='ocrx_word' id='word_1_240' title='bbox 304 2226 458 2269; x_wconf 80' lang='grc' dir='ltr'>ἄνωθεν</span> <span class='ocrx_word' id='word_1_241' title='bbox 488 2227 536 2269; x_wconf 81' lang='grc' dir='ltr'><strong>τὰ</strong></span> <span class='ocrx_word' id='word_1_242' title='bbox 567 2227 666 2269; x_wconf 80' lang='grc' dir='ltr'>αὐτὰ</span> <span class='ocrx_word' id='word_1_243' title='bbox 696 2229 881 2272; x_wconf 82' lang='grc' dir='ltr'>πολλάκις</span> <span class='ocrx_word' id='word_1_244' title='bbox 911 2226 1104 2282; x_wconf 81' lang='grc' dir='ltr'><strong>λεγόμενα</strong></span> <span class='ocrx_word' id='word_1_245' title='bbox 1134 2226 1443 2283; x_wconf 84' lang='grc' dir='ltr'>ἢπραττόμενα.</span> <span class='ocrx_word' id='word_1_246' title='bbox 1504 2229 1657 2272; x_wconf 84' lang='lat' dir='ltr'><strong>Herod.</strong></span> <span class='ocrx_word' id='word_1_247' title='bbox 1680 2229 1840 2283; x_wconf 86' lang='lat' dir='ltr'><strong>V92,6</strong></span> 
     </span>
     <span class='ocr_line' id='line_1_28' title="bbox 153 2301 1837 2359; baseline 0.002 -16"><span class='ocrx_word' id='word_1_248' title='bbox 153 2347 157 2352; x_wconf 52' lang='lat'>‚</span> <span class='ocrx_word' id='word_1_249' title='bbox 205 2301 468 2349; x_wconf 70' lang='grc' dir='ltr'>ἀναποδίζων·</span> <span class='ocrx_word' id='word_1_250' title='bbox 508 2302 591 2343; x_wconf 83' lang='grc' dir='ltr'>ἀντὶ</span> <span class='ocrx_word' id='word_1_251' title='bbox 629 2304 696 2343; x_wconf 80' lang='grc' dir='ltr'><strong>τοῦ</strong></span> <span class='ocrx_word' id='word_1_252' title='bbox 733 2301 781 2343; x_wconf 86' lang='grc' dir='ltr'><strong>τὰ</strong></span> <span class='ocrx_word' id='word_1_253' title='bbox 818 2301 988 2357; x_wconf 86' lang='grc' dir='ltr'>πρότερα</span> <span class='ocrx_word' id='word_1_254' title='bbox 1032 2301 1190 2356; x_wconf 84' lang='grc' dir='ltr'><strong>ἐρωτῶν</strong></span> <span class='ocrx_word' id='word_1_255' title='bbox 1228 2301 1360 2344; x_wconf 79' lang='lat' dir='ltr'><strong>Bekk.</strong></span> <span class='ocrx_word' id='word_1_256' title='bbox 1398 2302 1558 2345; x_wconf 83' lang='lat' dir='ltr'><strong>Anecd.</strong></span> <span class='ocrx_word' id='word_1_257' title='bbox 1602 2317 1642 2359; x_wconf 92' lang='lat' dir='ltr'><strong>p.</strong></span> <span class='ocrx_word' id='word_1_258' title='bbox 1680 2303 1750 2358; x_wconf 87' lang='lat'><strong>83,</strong></span> <span class='ocrx_word' id='word_1_259' title='bbox 1786 2305 1837 2347; x_wconf 85' lang='lat' dir='ltr'><strong>cs.</strong></span> 
     </span>
     <span class='ocr_line' id='line_1_29' title="bbox 205 2375 1301 2419; baseline 0 -1"><span class='ocrx_word' id='word_1_260' title='bbox 205 2375 356 2418; x_wconf 86' lang='lat' dir='ltr'><strong>Herod.</strong></span> <span class='ocrx_word' id='word_1_261' title='bbox 389 2375 674 2418; x_wconf 84' lang='lat' dir='ltr'><strong>11116.—fr.</strong></span> <span class='ocrx_word' id='word_1_262' title='bbox 707 2376 734 2419; x_wconf 91' lang='grc'>6</span> <span class='ocrx_word' id='word_1_263' title='bbox 765 2375 939 2417; x_wconf 79' lang='grc' dir='ltr'>εἴσοπτοι</span> <span class='ocrx_word' id='word_1_264' title='bbox 972 2375 1122 2417; x_wconf 89' lang='lat' dir='ltr'><strong>Herod.</strong></span> <span class='ocrx_word' id='word_1_265' title='bbox 1154 2375 1301 2418; x_wconf 84' lang='lat'><strong>11138.</strong></span> 
     </span>
    </p>

    <p class='ocr_par' dir='ltr' id='par_1_10' title="bbox 204 2448 1839 2566">
     <span class='ocr_line' id='line_1_30' title="bbox 319 2448 1839 2506; baseline 0.003 -15"><span class='ocrx_word' id='word_1_266' title='bbox 319 2449 491 2506; x_wconf 88' lang='lat' dir='ltr'><strong>Propter</strong></span> <span class='ocrx_word' id='word_1_267' title='bbox 520 2450 854 2492; x_wconf 90' lang='lat' dir='ltr'><strong>vetustiorem</strong></span> <span class='ocrx_word' id='word_1_268' title='bbox 884 2448 1129 2505; x_wconf 89' lang='lat' dir='ltr'><strong>loquendi</strong></span> <span class='ocrx_word' id='word_1_269' title='bbox 1159 2463 1308 2492; x_wconf 92' lang='lat' dir='ltr'><strong>usum</strong></span> <span class='ocrx_word' id='word_1_270' title='bbox 1340 2451 1401 2493; x_wconf 87' lang='lat' dir='ltr'><strong>ab</strong></span> <span class='ocrx_word' id='word_1_271' title='bbox 1423 2450 1615 2494; x_wconf 88' lang='lat' dir='ltr'><strong>Atticis</strong></span> <span class='ocrx_word' id='word_1_272' title='bbox 1636 2451 1708 2494; x_wconf 91' lang='lat' dir='ltr'><strong>IV.</strong></span> <span class='ocrx_word' id='word_1_273' title='bbox 1730 2466 1839 2495; x_wconf 87' lang='lat' dir='ltr'><strong>sae-</strong></span> 
     </span>
     <span class='ocr_line' id='line_1_31' title="bbox 204 2522 1054 2566; baseline 0 -1"><span class='ocrx_word' id='word_1_274' title='bbox 204 2522 310 2565; x_wconf 91' lang='lat' dir='ltr'><strong>culi</strong></span> <span class='ocrx_word' id='word_1_275' title='bbox 340 2522 560 2565; x_wconf 84' lang='lat' dir='ltr'><strong>alienum</strong></span> <span class='ocrx_word' id='word_1_276' title='bbox 591 2523 777 2566; x_wconf 85' lang='lat' dir='ltr'><strong>notanda</strong></span> <span class='ocrx_word' id='word_1_277' title='bbox 806 2529 905 2566; x_wconf 90' lang='lat' dir='ltr'><strong>sunt</strong></span> <span class='ocrx_word' id='word_1_278' title='bbox 936 2524 1054 2566; x_wconf 89' lang='lat' dir='ltr'><strong>haec:</strong></span> 
     </span>
    </p>

    <p class='ocr_par' dir='ltr' id='par_1_11' title="bbox 203 2595 1838 2952">
     <span class='ocr_line' id='line_1_32' title="bbox 313 2595 1838 2655; baseline 0.003 -17"><span class='ocrx_word' id='word_1_279' title='bbox 313 2595 456 2652; x_wconf 82' lang='grc' dir='ltr'>Ἀληθ.</span> <span class='ocrx_word' id='word_1_280' title='bbox 488 2598 536 2639; x_wconf 80' lang='lat' dir='ltr'><strong>fr.</strong></span> <span class='ocrx_word' id='word_1_281' title='bbox 569 2597 625 2640; x_wconf 91' lang='lat'><strong>44</strong></span> <span class='ocrx_word' id='word_1_282' title='bbox 655 2598 783 2654; x_wconf 88' lang='lat' dir='ltr'><strong>Harp.</strong></span> <span class='ocrx_word' id='word_1_283' title='bbox 815 2597 904 2642; x_wconf 82' lang='grc' dir='ltr'>τοὺς</span> <span class='ocrx_word' id='word_1_284' title='bbox 935 2596 1076 2652; x_wconf 77' lang='grc' dir='ltr'>νόμους</span> <span class='ocrx_word' id='word_1_285' title='bbox 1108 2598 1300 2653; x_wconf 78' lang='grc' dir='ltr'><strong>μεγάλους</strong></span> <span class='ocrx_word' id='word_1_286' title='bbox 1330 2598 1430 2654; x_wconf 80' lang='grc' dir='ltr'>ἄγοι·</span> <span class='ocrx_word' id='word_1_287' title='bbox 1477 2599 1560 2640; x_wconf 81' lang='grc' dir='ltr'>ἀντὶ</span> <span class='ocrx_word' id='word_1_288' title='bbox 1591 2601 1659 2641; x_wconf 82' lang='grc' dir='ltr'><strong>τοῦ</strong></span> <span class='ocrx_word' id='word_1_289' title='bbox 1690 2600 1838 2655; x_wconf 83' lang='grc' dir='ltr'>ἡγοῖτο.</span> 
     </span>
     <span class='ocr_line' id='line_1_33' title="bbox 204 2670 1836 2727; baseline 0.002 -14"><span class='ocrx_word' id='word_1_290' title='bbox 204 2671 275 2714; x_wconf 88' lang='lat' dir='ltr'><strong>Sic</strong></span> <span class='ocrx_word' id='word_1_291' title='bbox 305 2670 410 2726; x_wconf 81' lang='grc' dir='ltr'>ἄγειν</span> <span class='ocrx_word' id='word_1_292' title='bbox 441 2685 535 2713; x_wconf 91' lang='lat' dir='ltr'><strong>cum</strong></span> <span class='ocrx_word' id='word_1_293' title='bbox 557 2670 793 2714; x_wconf 87' lang='lat' dir='ltr'><strong>accusativo</strong></span> <span class='ocrx_word' id='word_1_294' title='bbox 814 2671 997 2714; x_wconf 87' lang='lat' dir='ltr'><strong>nominis</strong></span> <span class='ocrx_word' id='word_1_295' title='bbox 1018 2671 1247 2727; x_wconf 85' lang='lat' dir='ltr'><strong>praedicati</strong></span> <span class='ocrx_word' id='word_1_296' title='bbox 1271 2677 1447 2715; x_wconf 89' lang='lat' dir='ltr'><strong>utuntur</strong></span> <span class='ocrx_word' id='word_1_297' title='bbox 1468 2672 1617 2715; x_wconf 88' lang='lat' dir='ltr'><strong>Herod.</strong></span> <span class='ocrx_word' id='word_1_298' title='bbox 1637 2673 1715 2716; x_wconf 90' lang='lat' dir='ltr'><strong>VII</strong></span> <span class='ocrx_word' id='word_1_299' title='bbox 1741 2673 1836 2726; x_wconf 74' lang='lat'>150,</span> 
     </span>
     <span class='ocr_line' id='line_1_34' title="bbox 205 2744 1838 2804; baseline 0.002 -18"><span class='ocrx_word' id='word_1_300' title='bbox 205 2744 330 2801; x_wconf 90' lang='lat' dir='ltr'><strong>Soph.</strong></span> <span class='ocrx_word' id='word_1_301' title='bbox 364 2744 410 2786; x_wconf 92' lang='lat' dir='ltr'><strong>O.</strong></span> <span class='ocrx_word' id='word_1_302' title='bbox 440 2744 486 2786; x_wconf 79' lang='lat' dir='ltr'><strong>R.</strong></span> <span class='ocrx_word' id='word_1_303' title='bbox 518 2744 614 2797; x_wconf 80' lang='grc'><strong>775,</strong></span> <span class='ocrx_word' id='word_1_304' title='bbox 651 2744 745 2787; x_wconf 90' lang='lat' dir='ltr'><strong>Eur.</strong></span> <span class='ocrx_word' id='word_1_305' title='bbox 779 2744 927 2787; x_wconf 85' lang='lat' dir='ltr'><strong>Bacch.</strong></span> <span class='ocrx_word' id='word_1_306' title='bbox 969 2745 1093 2797; x_wconf 88' lang='lat'>1036,</span> <span class='ocrx_word' id='word_1_307' title='bbox 1130 2745 1259 2788; x_wconf 85' lang='lat' dir='ltr'><strong>Thuc.</strong></span> <span class='ocrx_word' id='word_1_308' title='bbox 1296 2746 1393 2788; x_wconf 82' lang='lat' dir='ltr'>VIII</span> <span class='ocrx_word' id='word_1_309' title='bbox 1410 2746 1520 2798; x_wconf 85' lang='lat'><strong>81,2.</strong></span> <span class='ocrx_word' id='word_1_310' title='bbox 1588 2747 1678 2790; x_wconf 87' lang='lat' dir='ltr'><strong>Iam</strong></span> <span class='ocrx_word' id='word_1_311' title='bbox 1716 2747 1838 2804; x_wconf 79' lang='lat' dir='ltr'><strong>piura</strong></span> 
     </span>
     <span class='ocr_line' id='line_1_35' title="bbox 207 2818 1836 2878; baseline 0.002 -18"><span class='ocrx_word' id='word_1_312' title='bbox 207 2818 326 2861; x_wconf 90' lang='lat' dir='ltr'><strong>nobis</strong></span> <span class='ocrx_word' id='word_1_313' title='bbox 361 2832 404 2860; x_wconf 89' lang='lat' dir='ltr'><strong>se</strong></span> <span class='ocrx_word' id='word_1_314' title='bbox 441 2819 612 2861; x_wconf 80' lang='lat' dir='ltr'><strong>offerent</strong></span> <span class='ocrx_word' id='word_1_315' title='bbox 648 2818 840 2875; x_wconf 86' lang='lat' dir='ltr'><strong>exempla</strong></span> <span class='ocrx_word' id='word_1_316' title='bbox 877 2819 1189 2862; x_wconf 84' lang='lat' dir='ltr'><strong>consuetudinis</strong></span> <span class='ocrx_word' id='word_1_317' title='bbox 1224 2819 1322 2863; x_wconf 88' lang='lat' dir='ltr'><strong>illae</strong></span> <span class='ocrx_word' id='word_1_318' title='bbox 1357 2820 1468 2864; x_wconf 88' lang='lat' dir='ltr'><strong>inter</strong></span> <span class='ocrx_word' id='word_1_319' title='bbox 1504 2820 1666 2864; x_wconf 90' lang='lat' dir='ltr'><strong>Ionicos</strong></span> <span class='ocrx_word' id='word_1_320' title='bbox 1705 2821 1836 2878; x_wconf 90' lang='lat' dir='ltr'><strong>scrip-</strong></span> 
     </span>
     <span class='ocr_line' id='line_1_36' title="bbox 203 2892 1834 2952; baseline 0.002 -18"><span class='ocrx_word' id='word_1_321' title='bbox 203 2899 313 2935; x_wconf 88' lang='lat' dir='ltr'><strong>tores</strong></span> <span class='ocrx_word' id='word_1_322' title='bbox 345 2898 387 2934; x_wconf 90' lang='lat' dir='ltr'><strong>et</strong></span> <span class='ocrx_word' id='word_1_323' title='bbox 407 2898 565 2935; x_wconf 86' lang='lat' dir='ltr'><strong>veteres</strong></span> <span class='ocrx_word' id='word_1_324' title='bbox 586 2892 750 2935; x_wconf 88' lang='lat' dir='ltr'><strong>Atticos</strong></span> <span class='ocrx_word' id='word_1_325' title='bbox 781 2899 822 2935; x_wconf 90' lang='lat' dir='ltr'><strong>et</strong></span> <span class='ocrx_word' id='word_1_326' title='bbox 849 2892 1026 2948; x_wconf 85' lang='lat' dir='ltr'><strong>tragicos</strong></span> <span class='ocrx_word' id='word_1_327' title='bbox 1047 2894 1292 2936; x_wconf 90' lang='lat' dir='ltr'><strong>communis.</strong></span> <span class='ocrx_word' id='word_1_328' title='bbox 1354 2895 1412 2937; x_wconf 86' lang='lat' dir='ltr'><strong>Cf.</strong></span> <span class='ocrx_word' id='word_1_329' title='bbox 1433 2894 1602 2937; x_wconf 89' lang='lat' dir='ltr'><strong>Wilam.</strong></span> <span class='ocrx_word' id='word_1_330' title='bbox 1635 2894 1687 2937; x_wconf 87' lang='lat' dir='ltr'><strong>ad</strong></span> <span class='ocrx_word' id='word_1_331' title='bbox 1709 2895 1834 2952; x_wconf 84' lang='lat' dir='ltr'><strong>Hipp.</strong></span> 
     </span>
    </p>
   </div>
   <div class='ocr_carea' id='block_1_3' title="bbox 203 2966 1608 3072">
    <p class='ocr_par' dir='ltr' id='par_1_12' title="bbox 203 2966 1608 3072">
     <span class='ocr_line' id='line_1_37' title="bbox 203 2966 556 3022; baseline 0 -14"><span class='ocrx_word' id='word_1_332' title='bbox 203 2979 242 3008; x_wconf 87' lang='lat' dir='ltr'><strong>v.</strong></span> <span class='ocrx_word' id='word_1_333' title='bbox 277 2966 382 3009; x_wconf 81' lang='lat'><strong>1361</strong></span> <span class='ocrx_word' id='word_1_334' title='bbox 419 2980 456 3022; x_wconf 84' lang='lat' dir='ltr'><strong>p.</strong></span> <span class='ocrx_word' id='word_1_335' title='bbox 487 2967 556 3008; x_wconf 79' lang='lat'><strong>52.</strong></span> 
     </span>
     <span class='ocr_line' id='line_1_38' title="bbox 1586 3039 1608 3072; baseline 0 0"><span class='ocrx_word' id='word_1_336' title='bbox 1586 3039 1608 3072; x_wconf 80' lang='lat'>4</span> 
     </span>
    </p>
   </div>
  </div>
 </body>
</html>
