2170 3412
774 245 1133 304 7--35-

172 362 271 414 alia,
302 374 409 417 quae
439 359 493 402 ad
522 374 609 403 rem
640 359 849 416 publicam
881 360 1131 416 pertineant,
1166 363 1260 402 tum
1295 358 1403 401 hanc
1439 358 1674 400 mirabilem
1713 372 1804 401 sen-

173 436 351 480 tentiam
387 450 413 478 a
447 435 635 492 sophista
670 439 910 478 mutuatum
947 448 1038 477 esse
1073 434 1261 477 coniecit.
1338 433 1554 476 Mittamus
1591 447 1653 487 ea,
1697 447 1804 488 quae

175 512 349 569 probare
378 511 492 554 nullo
524 510 646 554 modo
677 509 893 567 potuit⁷⁸).
969 510 1031 552 De
1061 509 1115 552 iis
1144 514 1311 552 tantum
1342 507 1666 564 disputabimus,
1698 522 1804 563 quae

174 591 290 629 certa
325 584 507 640 quadam
545 585 823 627 similitudine
856 584 1136 627 continentur.
1212 582 1367 634 Quodsi
1403 582 1497 634 loci,
1542 595 1644 638 quos
1679 596 1806 638 supra

171 660 607 712 commemoravimus,
638 660 691 702 ab
722 658 983 715 Antiphonte
1013 659 1210 715 pendent,
1241 658 1394 700 librum
1418 658 1507 700 eius
1529 663 1625 700 ante
1646 671 1804 700 annum

170 735 259 778 438
295 736 338 778 in
376 735 511 778 lucem
549 733 732 791 prodisse
774 734 997 777 dicendum
1030 739 1104 776 est.
1165 733 1270 775 Nam
1301 733 1346 776 in
1378 732 1589 775 Alcestide
1613 728 1803 788 'primum

170 811 337 854 exsistit
365 809 483 861 illud,
516 809 626 866 quod
657 809 808 852 deinde
838 810 882 851 in
914 809 1140 866 Hippolyto
1171 809 1278 851 etin
1299 809 1347 850 fr.
1369 807 1455 851 908
1477 807 1670 850 occurrit.
1722 806 1804 850 Sed

170 885 226 929 ad
256 899 349 928 eam
379 889 631 928 vetustatem
664 884 773 927 hunc
803 884 972 937 librum,
1004 898 1128 939 quem
1159 883 1280 926 initio
1311 883 1395 926 fere
1427 882 1526 925 belli
1547 882 1805 939 Peloponne-

169 959 273 1003 siaci
308 959 361 1002 ad
399 973 563 1015 aegram
609 973 697 1002 rem
742 959 955 1016 publicam
999 959 1230 1002 sanandam
1259 958 1563 1014 Antiphontem
1594 957 1804 1013 scripsisse

171 1035 306 1092 primo
346 1035 483 1091 capite
519 1034 798 1091 exposuimuS‚
837 1048 958 1077 nemo
996 1034 1153 1087 reiciet,
1191 1034 1264 1090 qui
1299 1046 1532 1077 sermonem
1565 1033 1655 1076 eius
1685 1046 1804 1075 accu-

171 1110 303 1154 ratius
333 1110 652 1153 examinaverit.
714 1110 771 1152 At
802 1115 936 1162 erunt,
969 1109 1041 1165 qui
1071 1109 1303 1165 sophistam
1334 1114 1481 1164 poetae
1512 1108 1805 1151 auctoritatem

170 1191 360 1229 secutum
399 1199 487 1228 esse
524 1186 679 1237 dicant,
718 1190 765 1227 ut
795 1184 918 1227 illum
956 1184 1126 1227 Medeae
1158 1198 1197 1227 v.
1229 1183 1313 1226 235
1344 1190 1386 1226 et
1415 1183 1631 1240 Sophoclis
1661 1183 1805 1238 Antig.

169 1274 210 1303 v.
231 1261 336 1304 672:
367 1261 556 1317 ἀναρχίας
586 1261 629 1302 δὲ
661 1262 792 1315 μεῖζον
819 1259 891 1301 οὐκ
911 1258 1013 1301 ἔστιν
1036 1259 1156 1302 κακόν
1176 1259 1221 1301 in
1242 1259 1291 1301 fr.
1313 1259 1388 1302 61:
1421 1259 1611 1315 ἀναρχίας
1641 1258 1675 1300 δ’
1693 1257 1806 1300 οὐδὲν

167 1337 304 1378 κάκιον
336 1337 560 1391 ἀνθρώποις
600 1335 790 1378 imitatus
834 1348 923 1378 esse
968 1333 1240 1389 videam-⁷⁹).
1317 1333 1435 1384 Quod
1480 1333 1671 1390 equidem
1720 1347 1803 1376 non

170 1423 326 1453 recuso.
406 1409 569 1452 Etenim
617 1409 762 1452 eodem
806 1409 929 1451 modo
976 1409 1170 1464 Agathon
1218 1413 1435 1464 poetarum
1481 1407 1703 1450 sententiis
1754 1407 1806 1450 ad

167 1484 508 1541 amplificandam
554 1482 784 1527 orationem
830 1497 929 1526 usus
966 1489 1029 1526 est
1064 1483 1181 1526 nullo
1225 1488 1394 1526 auctore
1423 1482 1606 1525 indicato
1637 1483 1709 1537 (cf.
1743 1482 1804 1524 Pl.

167 1559 316 1616 Symp.
350 1560 461 1602 194e
490 1559 614 1615 sqq.).
674 1558 757 1602 Sed
788 1563 930 1601 tamen
962 1559 1102 1602 nescio
1136 1573 1189 1601 an
1220 1558 1390 1615 Hippol.
1412 1572 1451 1600 v,
1473 1558 1654 1614 252sqq.
1686 1558 1804 1600 simi—

169 1635 312 1692 lesque
341 1641 383 1677 et
412 1635 479 1677 hic
509 1634 782 1692 Antiphontis
810 1634 926 1677 locus
956 1648 1006 1676 ex
1039 1634 1183 1677 eadem
1215 1639 1407 1676 veterum
1427 1634 1683 1690 sapientium
1704 1647 1805 1676 voce

168 1709 390 1766 pendeant.
435 1710 542 1752 Nam
574 1710 619 1752 in
650 1710 776 1765 Hipp.
808 1723 846 1751 v.
878 1709 1064 1752 253-257
1097 1708 1316 1765 Euripides
1346 1708 1457 1751 idem
1490 1708 1595 1751 illud
1627 1709 1802 1763 Biantis,

168 1784 280 1841 quod
310 1784 525 1842 Sophoclis
555 1785 663 1828 Aiax
695 1799 735 1827 v.
765 1784 845 1827 677
865 1799 955 1841 sqq.
993 1785 1151 1839 laudat,
1190 1798 1299 1827 nova
1336 1783 1519 1840 quadam
1557 1788 1598 1826 et
1638 1783 1806 1840 propria

169 1860 302 1903 forma
331 1860 547 1917 expressit.
607 1861 794 1911 Quocum
832 1860 897 1902 hic
935 1860 1105 1917 quidem
1142 1859 1365 1903 coniuncta
1401 1864 1465 1902 est
1494 1873 1544 1901 ea
1582 1859 1802 1909 sententia,

168 1948 277 1991 quae
321 1935 482 1978 duobus
526 1935 620 1978 aliis
656 1934 758 1978 locis
794 1934 881 1978 sola
918 1939 1056 1977 exstat
1088 1934 1150 1990 (v.
1179 1934 1403 1989 258-260).
1464 1933 1707 1989 Sequuntur
1738 1948 1805 1977 vv.

167 2010 371 2063 261-265‚
403 2010 555 2066 quibus
586 2009 776 2064 vulgares
805 2009 1034 2053 sententias
1065 2009 1183 2052 reddi
1213 2009 1303 2065 ipso
1333 2009 1544 2052 indicatur
1566 2009 1691 2052 verbo
1707 2010 1807 2061 φασί

166 2086 228 2140 (v.
250 2085 352 2138 262)
383 2091 425 2128 et
454 2085 625 2128 laudato
657 2085 728 2128 illo
761 2086 882 2141 μηδὲν
913 2085 1008 2140 ἄγαν
1031 2084 1092 2140 (v.
1116 2084 1234 2140 265).
1296 2085 1431 2135 Quare
1453 2084 1640 2127 conicere
1661 2084 1806 2128 licebit

167 2161 286 2204 illam
316 2161 567 2204 sententiam
600 2161 734 2217 ipsam
765 2174 929 2217 quoque
961 2175 985 2203 a
1016 2165 1154 2204 vetere
1186 2159 1325 2203 nescio
1356 2173 1438 2215 quo
1469 2160 1659 2216 sapiente
1690 2174 1805 2216 repe-

166 2236 289 2278 titam
322 2249 421 2278 esse.
482 2236 722 2292 Utcumque
753 2241 893 2278 autem
926 2235 1027 2293 haec
1058 2248 1122 2278 res
1143 2249 1187 2278 se
1207 2234 1346 2289 habet,
1369 2235 1552 2277 maxime
1573 2235 1805 2278 cavendum

165 2324 255 2354 esee
286 2311 389 2354 mihi
421 2310 598 2363 videtur,
630 2325 683 2354 ne
713 2311 807 2367 quis
837 2317 994 2354 temere
1016 2325 1078 2365 ea,
1101 2324 1207 2367 quae
1229 2310 1416 2354 omnium
1439 2310 1679 2353 communia
1699 2310 1804 2365 sint,

163 2385 340 2441 singulis
385 2386 600 2429 attribuat.
690 2386 837 2429 Nonne
885 2387 1039 2429 mirum
1075 2391 1138 2429 est
1181 2385 1399 2428 Nestleum
1436 2385 1572 2428 dicere
1584 2383 1636 2440 ⁸⁰)
1679 2386 1800 2428 Euri·

287 2500 333 2546 ⁷⁸)
358 2501 402 2537 cf.
428 2501 484 2536 Kl.
512 2500 610 2536 Schr.
635 2501 658 2536 l.
676 2511 706 2536 c.
735 2512 768 2547 p.
792 2501 856 2536 165
883 2501 969 2544 (14).
1001 2500 1065 2535 172
1091 2499 1181 2544 (20).
1210 2500 1277 2535 178
1303 2499 1381 2544 (25)
1413 2499 1495 2535 adn.
1517 2500 1547 2534 1.
1604 2499 1646 2534 In
1679 2499 1796 2536 Prole-

166 2562 328 2606 gomenis
354 2560 399 2596 ad
425 2560 584 2596 Platonis
611 2560 734 2605 Remp.
762 2559 886 2603 (1891)
911 2559 1110 2605 pugnantia
1134 2569 1214 2594 cum
1241 2558 1284 2593 iis
1311 2559 1458 2603 profert,
1484 2569 1575 2604 quae
1601 2558 1639 2593 in
1667 2560 1800 2595 Acade-

168 2619 269 2655 micis
294 2619 416 2663 (1889)
443 2620 622 2665 exposuit,
647 2619 708 2654 ubi
726 2619 882 2655 Calliclis
901 2618 977 2654 loco
998 2617 1255 2663 Antiphontem
1274 2617 1410 2653 habuit.
1459 2617 1562 2653 Nunc
1587 2618 1632 2653 cf.
1659 2628 1693 2663 p.
1713 2618 1797 2655 226:

170 2678 258 2722 „Die
290 2678 542 2725 Verkfindiger
577 2678 641 2714 der
682 2678 914 2725 friedseligen
952 2677 1286 2719 uenientia-moral,
1329 2676 1393 2713 der
1435 2676 1613 2722 goldenen
1657 2676 1798 2723 ὁμόνοια

167 2737 332 2773 machten
353 2738 438 2783 jede
464 2737 596 2773 Kultur
620 2737 842 2784 unmoglichz
877 2736 935 2772 die
963 2736 1245 2772 Raubtiermoral
1279 2735 1342 2772 des
1368 2735 1542 2771 Kallikles
1572 2735 1690 2772 fiihrte
1716 2748 1795 2772 zum

168 2795 474 2832 schrankeulosen
498 2795 852 2832 ludividualismusf·

290 2854 334 2899 ⁷⁹)
361 2854 413 2891 Ne
439 2855 587 2891 Dielesii
617 2856 750 2891 scrinia
781 2866 835 2891 me
866 2854 1076 2900 compilasse
1109 2854 1244 2898 credas,
1282 2853 1420 2889 similes
1453 2853 1518 2889 hos
1551 2853 1649 2890 locos
1681 2855 1803 2891 notavi

173 2915 242 2950 lam
269 2914 392 2958 multo,
416 2918 607 2961 antequam
634 2915 747 2951 altera
772 2915 848 2951 eius
875 2914 958 2950 libri
984 2913 1094 2949 editio
1119 2913 1158 2949 in
1182 2913 1298 2950 lucem
1324 2912 1469 2959 prodiit.

291 2972 335 3019 ⁸⁰)
362 2973 385 3008 l.
411 2984 440 3009 c.
466 2984 502 3020 p.
519 2973 600 3010 250.

1549 3030 1599 3067 3·
