2170 3412
854 243 1141 286 -37-

175 361 248 416 (fr.
293 360 420 415 275):
471 358 722 414 τεκνοτροφίη
775 357 989 414 σφαλερόν·
1036 357 1106 412 τὴν
1162 357 1232 411 μὲν
1283 355 1356 411 γὰρ
1407 355 1610 411 ἐπιτυχίην
1663 355 1815 408 ἀγῶνος

180 437 327 491 μεστὴν
363 435 428 477 καὶ
466 434 667 490 φροντίδος
704 433 900 488 κέκτηται,
939 433 1008 487 τὴν
1045 432 1088 475 δὲ
1127 431 1345 487 ἀποτυχίην
1386 430 1648 486 ἀνυπέρῦετον
1695 429 1812 485 ἑτέρῃ

178 511 313 566 ὀδύνῃ.
375 512 467 562 Qua
497 509 548 552 de
579 523 704 552 causa
734 509 898 561 suadet,
928 522 981 551 ne
1011 509 1060 561 is,
1092 508 1164 563 qui
1193 520 1336 550 secure
1367 505 1507 548 vivere
1530 505 1643 557 velit,
1674 504 1815 547 liberis

178 599 349 643 operam
380 584 450 627 det
478 585 548 639 (fr.
570 583 696 639 276);
728 584 774 625 οὐ
805 585 915 625 δοκεῖ
945 598 1010 637 μοι
1040 586 1183 639 χρῆναι
1212 583 1355 626 παῖδας
1376 577 1563 623 κτᾶσθαι·
1596 580 1720 634 ἐνορῶ
1742 579 1815 634 γὰρ

179 661 220 703 ἐν
251 661 399 702 παίδων
433 661 568 714 κτήσει
597 659 766 704 πολλοὺς
797 659 868 711 μὲν
898 659 963 700 καὶ
996 659 1190 712 μεγάλους
1211 657 1421 709 κινδύνους,
1447 656 1594 701 πολλὰς
1615 656 1658 697 δὲ
1679 655 1815 708 λύπας,

178 737 289 791 ὀλίγα
318 737 362 778 δὲ
391 735 440 777 τὰ
468 734 710 791 εὐθηλέοντα
747 735 811 776 καὶ
847 736 967 775 ταῦτα
1005 734 1129 775 λεπτά
1166 749 1207 775 τε
1237 734 1301 775 καὶ
1331 730 1515 774 ἀσθενέα.
1582 731 1699 773 Idem
1731 731 1816 772 fere

179 811 308 854 sentit
353 810 588 865 Antiphon:
635 809 731 864 φέρε
774 810 824 864 δὴ
868 811 932 851 καὶ
980 811 1114 854 παῖδες
1158 808 1426 863 γενέσθωσαν·
1473 807 1686 863 φροντίδων
1736 805 1814 861 ἤδη

179 888 304 928 πάντα
334 885 434 927 πλέα
465 887 529 927 καὶ
560 884 753 941 ἐξοίχεται
781 886 825 926 τὸ
857 886 1056 940 νεοτήσιον
1089 884 1282 940 σκίρτημα
1313 884 1358 925 ἐκ
1388 886 1458 938 τῆς
1487 884 1647 937 γνώμης
1676 882 1741 922 καὶ
1772 881 1815 922 τὸ

179 961 391 1017 πρόσωπον
430 960 559 1002 οὐκέτι
595 961 639 1002 τὸ
677 960 786 1002 αὐτό.
848 959 956 1010 Quid
995 959 1059 1002 his
1097 959 1222 1002 rebus
1267 959 1429 1001 efficere
1467 957 1659 1008 voluerit,
1705 961 1815 999 certo

179 1035 285 1078 scire
321 1049 445 1077 nemo
485 1040 633 1090 potest.
702 1034 786 1076 Nec
823 1034 1049 1076 verisimile
1086 1047 1180 1076 eum
1219 1033 1451 1085 mulierum·
1480 1030 1817 1074 communionem

180 1111 387 1167 probasse,
406 1116 453 1152 ut
463 1109 681 1166 Euripides
693 1110 742 1151 fr.
756 1107 860 1151 653¹
876 1109 939 1163 N„
958 1109 1069 1165 quod
1084 1108 1349 1151 Duemmlero
1361 1105 1652 1159 videbatur⁸⁵).
1675 1105 1817 1148 Potius

179 1184 289 1227 idem
308 1189 435 1240 atque
453 1183 739 1226 Democritum
757 1183 822 1238 (cf.
841 1183 888 1224 fr.
907 1183 1012 1237 277)
1030 1197 1125 1225 eum
1141 1183 1320 1225 suasisse
1341 1181 1550 1224 existimo.
1588 1180 1816 1236 Toepferus

180 1263 335 1309 autem,
366 1258 400 1300 si
434 1257 739 1314 Antiphontem
772 1257 822 1299 ob
855 1270 944 1299 eam
979 1270 1161 1310 causam,
1193 1255 1302 1311 quod
1326 1270 1350 1298 a
1371 1254 1559 1310 coniugio
1582 1253 1816 1306 abhorreat,

178 1333 358 1376 salutem
397 1332 607 1388 publicam
648 1332 691 1374 in
730 1332 835 1374 libro
871 1346 946 1374 suo
984 1346 1068 1374 non
1106 1331 1337 1387 respexisse
1368 1329 1552 1384 dioit⁸⁸)‚
1599 1342 1818 1386 perperam

179 1407 353 1450 iudicat.
405 1406 507 1458 Quis
538 1406 651 1448 enim
686 1406 778 1462 plus
809 1406 958 1448 tribuit
989 1406 1049 1448 rei
1080 1406 1271 1462 publicae
1302 1419 1428 1461 quam
1460 1403 1724 1447 Democritus
1746 1402 1818 1457 (cf.

179 1481 228 1524 sr.
250 1480 490 1535 252157),
528 1481 734 1536 quamvis
759 1479 938 1536 sapienti
977 1480 1119 1522 liberis
1157 1480 1453 1522 abstinendum
1491 1493 1580 1521 esse
1625 1476 1820 1520 censeat?

294 1555 352 1598 Ut
373 1555 426 1597 ab
447 1555 628 1597 infantia
650 1554 957 1610 Antiphontem
981 1554 1091 1596 vitae
1114 1553 1462 1609 contemplandae
1483 1552 1652 1594 initium
1675 1551 1820 1593 fecisse

180 1645 231 1674 ex
263 1630 409 1687 primis
440 1630 487 1672 fr.
511 1630 566 1672 49
599 1629 735 1671 verbis
766 1629 1019 1683 collegimus,
1058 1629 1117 1671 ita
1153 1643 1177 1671 a
1213 1629 1432 1671 iuventute
1463 1642 1558 1670 eum
1592 1627 1642 1669 ad
1673 1641 1816 1669 senec-

179 1711 313 1749 tutem
345 1706 576 1761 profectum
609 1719 697 1747 esse
728 1709 770 1747 et
800 1719 850 1747 ex
883 1706 930 1746 fr.
954 1704 1042 1747 6712
1078 1705 1227 1761 (Harp.
1265 1704 1440 1759 ἀνδρείας
1486 1705 1512 1759 ἡ
1544 1706 1622 1745 τῶν
1664 1703 1817 1757 ἀνδρῶν

178 1780 324 1836 ἡλικία.
380 1778 443 1821 Ἀ,
482 1779 522 1820 ἐν
565 1781 622 1834 τῷ
670 1777 766 1834 Περὶ
803 1778 1006 1833 ὁμονοίας)
1053 1783 1095 1820 et
1130 1793 1182 1821 ex
1212 1779 1261 1820 fr.
1285 1778 1339 1820 66
1371 1778 1558 1820 conicere
1589 1775 1818 1831 licebit⁸¹):

178 1853 416 1910 γηροτροφία
460 1853 533 1908 γὰρ
579 1852 786 1909 προσέοικε
831 1853 1102 1908 παιδοτροφίᾳ.
1178 1853 1268 1903 Quo
1303 1853 1392 1895 fieri
1428 1855 1577 1908 potest,
1609 1857 1657 1894 ut
1687 1850 1819 1892 dicat:

179 1927 492 1983 εὐκατηγόρητος
528 1930 604 1972 πᾶς
642 1927 663 1968 ὁ
702 1927 783 1983 βίος
819 1929 901 1968 κτλ.
932 1926 1001 1981 (fr.
1024 1926 1112 1981 51).
1190 1925 1394 1968 Similiter
1425 1925 1632 1978 Prodicus,
1671 1924 1706 1967 si
1738 1938 1822 1980 qua

180 2002 281 2044 fides
316 2001 494 2044 Axiochi
535 2001 695 2043 auctori
734 2000 925 2043 habenda
963 2000 1106 2054 estu),
1153 1999 1480 2055 uniuscuiusque
1519 1999 1669 2041 aetatis
1705 1998 1821 2041 mala

184 2089 448 2118 enumerasse
480 2074 644 2117 dicitur.
706 2074 766 2117 cf.
799 2074 974 2117 Axioch.
1006 2075 1144 2118 366d:
1183 2075 1222 2116 τί
1256 2074 1372 2129 μέρος
1390 2111 1398 2117 .,
1413 2077 1484 2128 τῆς
1522 2073 1673 2128 ἡλικίας
1710 2072 1819 2125 ἅμοι·

181 2164 249 2205 ρον
279 2152 359 2190 τῶν
390 2149 580 2203 ἀνιαρῶνς
620 2148 671 2190 de
708 2154 921 2191 senectute
960 2148 1069 2191 idem
1106 2148 1221 2191 locus
1255 2148 1325 2203 qui
1365 2148 1475 2204 apud
1517 2147 1819 2203 Antiphontem

185 2227 243 2279 τῷ
275 2226 331 2279 νῷ
359 2222 437 2269 ιδὶς
468 2224 603 2267 παῖδες
640 2223 676 2264 οἱ
714 2222 900 2277 γέροντες’
944 2222 1135 2277 γίγνονται
1171 2222 1274 2276 (367
1288 2222 1345 2276 b),
1383 2221 1494 2277 quod
1526 2221 1569 2263 in
1603 2220 1818 2277 proverbio

182 2303 246 2341 est
278 2297 350 2353 (cf.
389 2299 461 2340 Ar.
503 2297 609 2339 Nub.
646 2296 768 2339 1419.
803 2296 862 2339 Pl.
895 2296 987 2351 Leg.
1023 2291 1176 2351 Ι646εῑ).
1255 2295 1496 2338 Alcidamas
1534 2294 1819 2337 laudationem

182 2371 342 2425 mortis,
395 2385 502 2427 quae
546 2371 766 2414 constabat
811 2385 862 2414 ex
908 2370 1222 2413 enumeratione
1267 2370 1546 2412 humanorum
1599 2368 1820 2421 malorum,
1862 2386 1870 2396 ·

183 2509 227 2544 fr.
246 2509 338 2544 359²
363 2509 404 2544 N.
454 2509 620 2545 Nestleus
645 2509 721 2545 fieri
748 2510 909 2555 potuisse
936 2509 1140 2552 arbitratur,
1166 2511 1205 2542 ut
1230 2508 1286 2543 hic
1313 2519 1356 2543 ex
1378 2507 1474 2543 illius
1493 2508 1636 2553 scriptis
1655 2507 1821 2543 didicerit

184 2567 222 2611 (l.
239 2578 269 2603 c.
297 2579 331 2613 p.
349 2567 446 2612 341).
497 2568 545 2602 At
569 2568 634 2603 hoc
660 2579 725 2603 nec
753 2572 835 2603 ante
861 2579 994 2603 annum
1021 2567 1102 2609 431,
1129 2577 1197 2611 quo
1217 2567 1340 2602 Medea
1365 2571 1443 2601 acta
1462 2570 1529 2610 est,
1553 2566 1630 2601 fieri
1657 2567 1818 2612 potuisse

187 2626 379 2661 verisimile
406 2629 461 2661 est
486 2637 551 2662 nec
576 2627 721 2662 omnino
748 2627 878 2661 factum
911 2637 990 2661 esse
1022 2637 1063 2661 ex
1090 2626 1272 2671 Euripidis
1304 2625 1465 2671 reliquiis
1497 2626 1663 2671 cognosci
1692 2629 1820 2671 potest.

306 2684 348 2727 ὅ)
373 2685 396 2720 1.
416 2696 445 2720 c.
473 2697 507 2731 p.
526 2685 594 2721 219
620 2685 704 2728 (56).

304 2743 347 2788 ⁸⁶)
376 2743 399 2779 Ι.
418 2754 447 2779 c.
475 2755 509 2789 p.
526 2744 584 2779 42.

306 2802 347 2845 ⁸⁷)
375 2803 476 2845 Quod
503 2803 594 2839 falso
622 2804 703 2838 Ant.
731 2804 862 2838 oratori
889 2803 1107 2848 adscriptum
1135 2812 1212 2838 esse
1239 2803 1306 2837 viri
1332 2803 1427 2838 docti
1454 2803 1694 2838 consentiunt.
1737 2802 1819 2838 Per·

184 2871 304 2906 peram
332 2862 422 2897 hanc
447 2865 659 2897 sententiam
685 2862 943 2908 interpretatus
969 2866 1024 2897 cst
1049 2862 1247 2907 Toepferus
1273 2861 1296 2896 l.
1314 2872 1344 2897 c.
1371 2873 1404 2907 p.
1421 2862 1480 2897 47.

307 2919 349 2962 ⁸⁸)
374 2921 419 2955 cf.
447 2931 480 2966 p.
499 2921 610 2957 3660:
638 2921 696 2956 καὶ
721 2924 827 2956 ταῦτα
853 2921 887 2956 δὲ
914 2921 934 2956 ἃ
959 2921 1049 2967 λέγω
1069 2920 1237 2968 Προδίκου
1262 2920 1349 2955 ἐστὶν
1375 2924 1436 2956 τοῦ
1462 2923 1568 2967 σοφοῦ
1595 2921 1818 2969 ἀπηχήματα.

190 2980 230 3014 V.
258 2979 443 3026 Gomperz,
469 2980 491 3015 Ι.
509 2991 539 3016 c.
565 2990 597 3025 p.
616 2980 697 3016 463.
