2170 3412
20 3336 38 3403 dt*-

882 257 1168 299 ...63-

206 375 322 418 m'cltt
350 375 463 417 allzu
488 388 626 430 qenau
654 373 814 423 wv'irde5
842 371 919 426 ffir-
939 371 993 414 A.
1017 386 1107 412 war
1134 371 1284 426 yerade
1312 371 1418 412 die-se
1447 371 1514 412 ein
1545 369 1699 413 Grund
1725 371 1837 412 nicht

206 466 262 494 zu
290 450 482 492 wechseln
512 448 652 503 (Blass
682 448 709 490 l.
732 462 765 490 c.
798 461 838 504 p.
862 446 978 501 144),
1011 447 1059 489 cf.
1092 446 1277 488 Antisth.
1303 446 1368 488 Ai.
1391 448 1430 489 4.
1464 446 1539 488 Od.
1562 445 1601 488 3.
1625 446 1652 488 9
1679 452 1756 488 etc.
1781 471 1835 477 —

208 526 357 570 Nescio
379 540 432 568 an
455 524 766 577 ὃιπλασιολογίαν
786 523 894 565 hano
909 522 1035 564 verba
1056 521 1237 563 iterandi
1259 527 1391 563 artem
1416 520 1538 563 Polus
1559 521 1834 577 appellaverit

207 602 251 644 in
282 615 330 644 eo
360 601 478 652 libro,
510 599 629 642 cuius
659 598 842 654 reliquas
871 603 1009 654 partes
1039 596 1091 638 de
1120 597 1363 650 γνωμολογίαι
1385 602 1427 639 et
1447 596 1686 650 εἰκονολογία
1707 597 1834 638 fuisse

207 677 327 720 Plato
358 676 489 719 tradit
518 674 713 730 (Phaedr.
736 673 817 715 267
828 687 862 726 c,
885 673 936 715 cf.
956 671 1128 714 Vorsok.
1149 671 1247 713 74A
1265 671 1320 713 26
1352 686 1390 727 p.
1413 672 1498 714 535
1520 671 1614 714 adn.
1638 671 1691 714 ad
1712 686 1751 713 v.
1773 672 1832 725 4).

206 752 373 795 Etenim
403 751 546 794 eadem
577 749 658 792 tria
690 755 1030 791 ornamentorum
1060 760 1212 801 genera
1242 747 1294 788 ab
1326 747 1398 789 illo
1423 747 1597 801 Gorgiae
1629 747 1833 803 discipulo

206 833 386 871 tractata
416 827 459 869 in
490 825 763 881 Antiphontis
794 824 1003 880 sophistae
1034 821 1277 877 fragmentis
1308 822 1565 864 invenimus:
1604 822 1833 864 sententias

204 902 466 958 magnificas,
534 900 798 956 metaphoras
857 897 1238 952 similitudinesque
1299 897 1502 952 poeticas,
1570 897 1831 940 verborum

203 978 527 1020 iterationem
558 990 611 1018 ac
641 974 1000 1030 symmetriam,
1033 972 1101 1015 cui
1128 986 1250 1014 nemo
1273 972 1403 1027 magis
1425 972 1590 1015 videtur
1610 972 1831 1015 studuisse.

203 1052 293 1095 Hoc
323 1052 555 1108 Sauppium
593 1056 634 1093 et
672 1049 926 1092 Meinekium
965 1048 1083 1103 fugit,
1122 1048 1195 1103 qui
1233 1047 1444 1103 duplicata
1482 1047 1695 1091 nonnullis
1731 1048 1831 1091 locis

202 1128 448 1171 deleverunt
477 1133 525 1169 ut
555 1125 733 1167 Cobetus
763 1132 806 1167 et
836 1123 1053 1167 (fobetiani
1083 1122 1239 1165 similia
1270 1122 1570 1179 Xenophontis,

318 1202 382 1245 Fr.
404 1201 493 1245 588,
537 1200 641 1245 ὅστις
677 1203 744 1242 τοῦ
782 1200 935 1252 θυμοῦ
972 1202 1055 1243 ταῖς
1091 1201 1384 1253 παραχρῆμα
1422 1198 1582 1252 ἡδοναῖς
1612 1197 1831 1254 ἐμφράσσει

535 1275 676 1321 αὐτὸς
707 1276 874 1317 ἑαυτὸν

469 1352 492 1394 b
539 1355 693 1408 κρατεῖν
724 1367 765 1392 τε
795 1351 860 1392 καὶ
890 1352 996 1392 νικᾶν
1027 1349 1209 1404 ἠδυνήθη
1242 1348 1384 1394 αὐτὸς
1415 1348 1594 1390 ἑαυτόν.

468 1426 505 1471 a’
538 1427 580 1472 ὃς
611 1428 654 1469 δὲ
685 1427 815 1486 θέλει
847 1425 1087 1482 χαρίσασθαι
1117 1428 1173 1480 τῷ
1207 1425 1342 1480 θυμῷ
1375 1427 1684 1481 παραχρῆμα,

467 1503 504 1545 b'
538 1503 667 1545 θέλει
697 1502 745 1544 τὰ
775 1502 897 1543 κακίω
929 1501 1011 1542 ἀντὶ
1042 1504 1119 1542 τῶν
1150 1499 1380 1553 ἀμεινόνων.

314 1579 377 1621 Fr.
401 1580 490 1623 603,
535 1579 626 1620 ὅταν
656 1579 728 1633 γάρ
759 1593 815 1623 τις
843 1578 1067 1632 πράγματος
1087 1575 1158 1618 κᾶν
1190 1577 1355 1617 ὁτουοῦν
1386 1576 1455 1630 τὴν
1488 1575 1639 1631 ἀρχὴν
1671 1575 1827 1631 ὀρθῶς

534 1655 757 1709 ποιήσηται,

465 1731 489 1772 b
534 1730 638 1774 εἰκὸς
669 1730 733 1770 καὶ
764 1729 834 1783 τὴν
866 1730 1090 1783 τελευτὴν
1123 1727 1278 1783 ὀρθῶς
1308 1726 1523 1781 γίγνεσθαι·

470 1850 491 1878 c
536 1836 600 1877 καὶ
630 1834 704 1890 γὰρ
734 1838 784 1888 τῇ
815 1837 867 1888 γῇ
899 1833 980 1875 οἷον
1013 1831 1059 1874 ἄν
1089 1848 1145 1878 τις
1174 1833 1218 1874 τὸ
1250 1831 1406 1887 σπέρμα
1438 1831 1667 1887 ἐναρόσῃ,

464 1910 489 1952 d
535 1912 695 1951 τοιαῦτα
724 1910 789 1951 καὶ
820 1910 867 1950 τὰ
898 1907 1045 1964 ἕκφορα
1076 1909 1138 1950 δεῖ
1166 1909 1404 1964 προσδοκᾶν·

468 1984 502 2027 c’
533 1986 598 2027 καὶ
642 1985 683 2026 ἐν
727 1984 804 2040 νέῳ
852 1986 1003 2038 σώματι
1049 1983 1141 2026 ὅταν
1186 1999 1243 2029 τις
1289 1984 1358 2039 τὴν
1405 1983 1606 2024 παίδευσιν
1650 1982 1824 2036 γενναίαν

531 2061 754 2116 ἐναρὸσῃ,

457 2135 496 2177 d'
530 2138 580 2190 ζῇ
613 2138 726 2177 τοῦτο
757 2136 820 2177 καὶ
852 2136 988 2177 θάλλει
1018 2135 1082 2177 διὰ
1113 2136 1256 2180 παντὸς
1286 2136 1354 2175 τοῦ
1388 2134 1471 2189 βίου
1502 2135 1584 2175 κτλ.

308 2210 440 2267 Saepe
486 2211 661 2254 eandem
708 2226 794 2253 rem
832 2225 904 2267 per
947 2211 1269 2254 affirmationem
1307 2216 1349 2252 et
1392 2208 1655 2263 negationem
1694 2208 1823 2262 effert,

194 2299 319 2341 quem
350 2300 472 2330 usum
509 2287 691 2329 maxime
727 2286 839 2343 apud
870 2286 1204 2343 poetas'(H0m.‚
1235 2283 1472 2340 tragg.)¹¹⁸)
1505 2291 1546 2326 et
1577 2284 1824 2327 vetustiores

193 2362 415 2418 scriptores
458 2362 642 2415 (Herod.‚
686 2362 803 2418 Gorg.
849 2362 920 2416 (cf.
961 2362 1020 2403 Pl.
1057 2361 1177 2415 Gorg.
1215 2361 1365 2414 4520),
1403 2362 1502 2402 Ant.
1542 2358 1632 2411 Rh„
1670 2358 1823 2413 Thue.)

193 2436 443 2480 invenimus.
500 2437 560 2480 Cf.
592 2437 935 2480 Kuehner-Gerth
967 2437 994 2478 l.
1018 2452 1050 2478 c.
1085 2437 1122 2477 11
1155 2434 1215 2488 2³,
1248 2435 1344 2477 586.

310 2512 373 2555 Fr.
396 2512 450 2555 53
479 2512 544 2554 τὸν
575 2514 746 2568 παρόντα
778 2514 848 2567 μὲν
887 2513 966 2569 βίον
999 2511 1043 2553 οὐ
1077 2514 1195 2559 ζῶσιν
1227 2544 1235 2552 .
1270 2542 1279 2552 .
1315 2544 1324 2553 .
1358 2513 1412 2556 ὡς
1448 2510 1579 2565 ἕτερόν
1616 2525 1699 2552 τινα
1741 2509 1821 2566 βίον

192 2586 439 2645 βιωσόμενοι,
470 2587 516 2630 οὐ
546 2588 611 2629 τὸν
643 2587 826 2644 παρόντα.

308 2663 372 2706 Fr.
401 2664 457 2706 54
488 2662 534 2705 οὐ
565 2664 834 2721 χαρισαμένῳ,
867 2663 947 2704 ἀλλ’
977 2662 1284 2719 ἀχαριστήσαντι
1314 2693 1324 2703 .
1359 2695 1367 2703 .
1400 2693 1410 2703 .
1445 2694 1453 2703 .
1485 2661 1594 2717 αὑτῷ
1628 2660 1726 2703 εἶναι
1756 2661 1821 2703 καὶ

192 2739 248 2795 μὴ
279 2739 538 2783 ἀπολωλέναι.

307 2813 473 2871 Optime
504 2821 644 2858 autem
675 2829 725 2857 ex
758 2815 806 2857 sr.
829 2814 884 2858 49
916 2814 1099 2869 intellegi
1123 2820 1271 2870 potest,
1305 2819 1563 2870 quantopere
1582 2813 1684 2856 Ant.
1706 2827 1819 2868 sym—

191 2889 341 2932 metria
370 2890 459 2932 sive
490 2890 771 2947 parallelismo
804 2889 994 2945 gaudeat.

313 3004 369 3050 ¹¹⁸)
397 3006 442 3041 cs.
470 3004 611 3040 Wilam.
638 3004 681 3039 ad
707 3004 808 3040 Herc.
836 3016 866 3039 v.
885 3004 966 3040 842.
