2170 3412
335 843 608 899 Antiphontis
643 841 854 899 sophistae
898 856 1117 898 personam
1162 847 1203 883 et
1250 842 1405 897 >cripta
1451 840 1649 896 quoniam
1695 841 1853 895 primus

218 918 484 962 lineamentis
514 917 781 960 adumbravit
814 917 916 960 satis
947 917 1072 959 certis
1104 917 1153 959 H.
1187 915 1456 972 Sanppius¹)‚
1495 916 1569 958 etsi
1609 916 1692 958 iam
1730 929 1853 958 nemo

218 994 307 1037 fere
335 993 513 1046 dubitat,
545 994 645 1049 quin
678 993 883 1048 ampliora
913 994 1144 1047 fragmenta
1175 993 1343 1033 nomine
1374 996 1541 1033 tantum
1582 991 1853 1046 Antiphontis

222 1084 248 1112 a
283 1068 462 1111 Stobaeo
493 1067 702 1123 signata²)
733 1069 941 1125 sophistae
978 1067 1244 1110 Atheniensi.
1280 1082 1361 1108 non
1406 1067 1560 1109 oratori
1598 1066 1852 1108 Rhamnusio

219 1144 305 1187 sint
335 1144 616 1197 attribuenda,
648 1149 790 1186 tamen
821 1157 902 1186 non
933 1143 1070 1185 solum
1102 1142 1152 1184 de
1186 1143 1349 1183 Politici
1382 1142 1454 1197 qui
1486 1141 1726 1184 inscribitur
1757 1141 1853 1183 libri

221 1220 439 1276 perpaucis
471 1219 554 1262 illis
586 1217 874 1274 fragmentis⁸)
903 1218 1038 1261 adhuc
1069 1218 1307 1271 ambigitur,
1339 1217 1409 1259 sed
1432 1217 1560 1260 etiam
1582 1217 1624 1259 in
1649 1217 1713 1268 iis,
1746 1230 1854 1272 quae

221 1295 336 1337 nullo
367 1295 463 1337 libri
493 1294 615 1338 titulo
646 1294 829 1336 indicato
860 1299 959 1336 sunt
989 1293 1158 1346 tradita,
1189 1294 1239 1335 ad
1273 1292 1437 1347 singula
1467 1292 1677 1348 sophistae
1698 1292 1856 1346 scripta

221 1370 444 1413 referendis
488 1369 738 1412 dissentiunt
774 1369 851 1411 viri
897 1368 1140 1411 doctissimi.
1208 1370 1390 1419 Quoi-um
1431 1367 1642 1424 Sauppius
1684 1367 1854 1423 quidem

220 1444 449 1488 maximam
480 1445 785 1487 sententiarum
817 1444 1039 1486 moralium
1073 1450 1232 1500 partem
1268 1443 1487 1499 adscripsit
1508 1443 1697 1494 Politico,
1730 1456 1853 1498 quem

217 1520 428 1576 sophistae
459 1533 547 1562 esse
578 1533 821 1575 persuasum
854 1519 1062 1574 habuit⁴).
1126 1519 1308 1561 Blassius
1341 1520 1383 1560 in
1406 1518 1588 1561 editione
1608 1532 1683 1560 sua
1704 1532 1855 1560 novem

219 1596 451 1650 fragmenta
480 1594 709 1649 (125-133)
740 1594 835 1636 libri
871 1593 965 1650 Περὶ
996 1594 1190 1647 ὁμονοίας,
1227 1595 1386 1650 reliqua
1419 1593 1580 1636 Politici
1603 1594 1730 1636 fuisse
1760 1607 1854 1635 con-

220 1669 376 1725 iecit⁵).
445 1669 796 1712 Wilamowitzius
834 1669 1032 1724 reliquias
1068 1669 1170 1712 istas
1208 1685 1228 1710 a
1268 1669 1446 1711 Stobaeo
1485 1675 1671 1711 servatas
1713 1682 1856 1711 omnes

219 1756 270 1788 ex
306 1745 452 1788 eodem
495 1746 600 1787 libro
648 1744 743 1801 Περὶ
780 1745 962 1798 ὁμονοίας
998 1750 1188 1799 sumptas
1233 1759 1323 1785 esse
1370 1744 1597 1787 arbitratus
1635 1743 1855 1786 Politicum

220 1822 372 1864 oratori
411 1821 641 1864 vindicavit
679 1820 942 1876 eundemque
979 1820 1133 1862 librum
1173 1821 1371 1872 Λοιὸορίαι
1398 1819 1648 1875 Ἀλκιβιάδου
1685 1819 1857 1862 inscribi

221 1895 413 1951 voluit‘).
482 1897 666 1948 Quocum
716 1896 923 1939 consentit
962 1896 1185 1949 Dielesius,
1224 1909 1478 1951 quamquam
1523 1895 1744 1937 Politicum
1789 1909 1856 1937 so-

222 1972 385 2029 phistae
401 1972 636 2014 attribuens
651 1972 694 2014 in
713 1978 900 2014 veterum
921 1972 1287 2026 grammaticorum
1308 1971 1556 2013 auctoritate
1573 1969 1855 2027 acquiescit⁷).

220 2047 287 2089 Ab
334 2046 398 2088 his
436 2052 575 2089 autem
614 2047 790 2089 dissidet
835 2046 1102 2097 Bureschius,
1140 2060 1233 2088 cuni
1279 2046 1372 2088 illas
1408 2046 1637 2088 sententias
1675 2059 1757 2087 non
1804 2045 1855 2087 ad

218 2121 482 2165 concordiam
517 2122 736 2176 pertinere,
768 2121 838 2164 sed
871 2123 921 2163 ad
954 2126 1086 2163 artem
1118 2122 1326 2176 quandam
1361 2120 1696 2172 consolatoriam,
1729 2134 1855 2176 quam

219 2196 363 2254 τέχνην
400 2197 564 2243 ἀλυπίας
595 2197 900 2253 Antiphontem
938 2196 1227 2252 conscripsisse
1263 2203 1407 2239 auctor
1440 2195 1522 2239 Vit.
1555 2195 1594 2238 X
1632 2202 1731 2238 orat.
1772 2201 1856 2238 tra-

220 2270 343 2327 ὥτ’),
380 2273 665 2315 demonstrare
702 2271 933 2326 conatur⁹).
996 2271 1140 2328 Neque
1177 2273 1286 2315 enim
1328 2273 1466 2314 minus
1503 2285 1627 2327 quam
1667 2271 1717 2314 de
1755 2272 1856 2314 assi-

220 2348 416 2403 gnatione
447 2348 773 2403 fragmentorum
805 2348 883 2390 viri
916 2348 1025 2390 docti
1058 2348 1167 2390 inter
1196 2364 1238 2388 se
1266 2347 1500 2403 discrepant
1531 2347 1582 2389 de
1613 2352 1856 2402 argumento

345 2484 371 2527 ¹)
397 2482 648 2529 Ausgewshlte
673 2482 852 2518 Schriften
881 2493 914 2527 p.
934 2481 1003 2517 508
1017 2493 1095 2527 sqq.

344 2540 374 2585 ²)
400 2542 441 2577 fr.
462 2541 645 2577 125—135
672 2540 788 2579 Blass.
825 2541 867 2575 fr.
881 2541 1034 2575 49—51.
1067 2540 1219 2576 53-54.
1245 2540 1385 2576 57—62
1419 2540 1526 2581 Diels,
1560 2540 1771 2586 Fragments
1798 2539 1860 2575 der

223 2601 492 2636 Vorsokratiker
517 2601 561 2643 11,
589 2601 635 2635 1².
661 2600 708 2636 80
732 2600 761 2635 Β
789 2611 822 2645 p.
841 2599 908 2635 597
925 2611 1001 2646 sqq.

340 2659 367 2702 ⁸)
392 2659 434 2694 fr.
458 2659 641 2696 120—124
668 2658 734 2701 131..
759 2659 899 2694 72—77
927 2659 1038 2694 Diels.

338 2717 370 2762 ⁴)
395 2718 418 2754 l.
436 2729 465 2754 c.
495 2729 528 2764 p.
546 2718 616 2754 522
629 2729 684 2764 sq.

342 2777 370 2822 ὅ)
395 2777 477 2812 adn.
504 2776 549 2812 ad
575 2777 617 2812 fr.
640 2776 718 2812 125.

341 2835 369 2878 ⁶)
397 2835 512 2871 Herm.
537 2836 590 2871 xl
615 2834 696 2878 296,
723 2835 832 2871 Arist.
858 2846 893 2870 u.
922 2835 1039 2870 Athen
1067 2834 1080 2869 1
1110 2834 1187 2870 170.

342 2893 369 2936 7)
394 2894 562 2930 Vorsok.²
591 2894 639 2929 80
666 2895 693 2929 Δ
721 2895 742 2929 2
769 2894 943 2938 (58730).

342 2952 370 2998 ⁸)
396 2951 561 2988 Vonok.²
590 2953 638 2989 80
663 2954 691 2988 Α
718 2954 739 2988 6
765 2953 936 2996 (59031).

341 3012 368 3054 ⁹)
394 3011 687 3048 Consolationum
715 3012 867 3047 historia
892 3013 983 3051 crit..
1010 3011 1128 3057 Leipz.
1156 3011 1258 3047 stu-¹.
1288 3012 1335 3047 ΙΧ
1364 3011 1408 3046 72
1424 3022 1501 3057 sqq.
