2170 3412
483 380 509 422 ἃ
538 380 574 422 δ’
602 380 762 423 ἐδόκουν
793 384 873 426 τοῖς
904 379 1023 425 πέλας
1054 381 1245 435 ποιήσειν,

481 457 676 502 παθόντες
704 459 827 498 ταῦτα
858 455 1106 510 ἀνεφάνησαν
1135 454 1257 497 αὐτοί.

311 532 358 573 In
389 531 466 573 hoc
496 538 558 574 est
585 531 854 584 chiasmus,
887 544 1011 586 quem
1032 530 1198 587 saepius
1220 529 1413 572 adhibuit
1434 530 1628 585 Gorgiam
1648 536 1830 584 secutus,

195 607 315 649 cuius
345 607 438 649 Hel.
461 606 499 649 3.
522 608 550 649 5
581 604 867 660 conseras¹¹³).

310 682 374 724 Fr.
397 682 453 726 64
484 683 624 727 θῶπας
654 681 822 723 πλούτου
854 682 918 722 καὶ
949 681 1074 736 τύχης
1104 681 1286 725 κόλακας.

309 757 373 799 Fr.
395 758 451 800 49
482 757 521 798 αἱ
552 756 624 812 γὰρ
655 757 792 811 ἡδοναὶ
823 755 894 797 οὐκ
925 756 990 797 ἐπὶ
1022 759 1133 810 σφῶν
1163 755 1293 797 αὐτῶν
1323 755 1615 810 ἐμπορεύονται,

481 829 565 874 ἀλλ’
594 831 879 872 ἀκολουθοῦσιν
911 830 1045 876 αὐταῖς
1075 833 1193 872 λῦπαι
1225 833 1289 872 καὶ
1319 831 1443 872 πόνοι.

302 904 663 959 Ὁμοιοτέλευτα
693 911 734 947 et
764 906 938 960 πάρισα
969 905 1071 948 haec
1100 913 1199 948 sunt
1228 905 1433 948 notanda:

307 981 355 1023 fr.
378 981 435 1023 54
472 981 527 1035 μὴ
565 980 799 1036 φροντίζειν,
838 979 939 1021 ἀλλὰ
976 981 1163 1034 νομίζειν,
1202 981 1251 1022 cf.
1285 981 1406 1036 Gorg.
1429 981 1522 1023 Hel.
1544 981 1571 1023 9
1607 981 1671 1023 καὶ
1709 980 1828 1027 δεῖξαι

192 1057 256 1099 καὶ
287 1056 393 1102 δόξαι
416 1089 426 1098 .
449 1088 459 1098 .
483 1089 493 1098 .
515 1057 581 1098 καὶ
611 1057 758 1110 νομίζω
789 1057 854 1098 καὶ
886 1056 1083 1108 ὀνομάζω.

308 1131 372 1174 Fr.
394 1131 451 1174 49
482 1131 548 1173 ἴσα
577 1134 814 1187 φρονοῦντας
845 1130 910 1173 ἴσα
940 1131 1125 1176 πνέοντας

478 1206 698 1252 ἀξιώσαντα
728 1207 794 1248 καὶ
824 1206 1053 1252 ἀξιωθέντα.

306 1282 374 1324 Sic
411 1282 557 1324 eadem
595 1282 719 1324 verba
761 1281 896 1324 activo
929 1287 970 1323 et
1003 1281 1166 1337 passivo
1198 1295 1320 1323 sensu
1355 1281 1526 1323 ludendi
1559 1296 1684 1324 causa
1715 1295 1825 1325 com-

192 1371 343 1414 ponere
374 1357 567 1412 Gorgiam
599 1357 770 1412 eiusque
800 1357 1034 1399 imitatores
1071 1356 1269 1408 delectat,
1309 1357 1358 1398 cf.
1396 1356 1484 1398 Hel.
1510 1358 1562 1398 12
1602 1357 1622 1398 ὁ
1657 1358 1726 1409 μὲν
1757 1355 1825 1399 οὖν

193 1433 329 1477 πείσας
373 1434 427 1478 ὡς
471 1433 694 1487 ἀναγκάσας
728 1433 883 1491 ἀδικεῖ,
931 1432 956 1487 ἡ
998 1433 1042 1473 δὲ
1079 1432 1286 1474 πεισθεῖσα
1324 1434 1378 1477 ὡς
1414 1432 1706 1486 ἀναγκασθεῖσα
1743 1434 1825 1475 κτλ.

195 1507 249 1550 16
279 1508 485 1564 ἐταράχθη
522 1509 585 1550 καὶ
623 1507 817 1563 ἐτάραξεν.
878 1507 1074 1562 Agathou
1106 1508 1148 1550 in
1182 1507 1244 1550 Pl.
1266 1508 1410 1563 Symp.
1437 1508 1552 1550 196b
1590 1507 1671 1550 οὔτ’
1700 1509 1827 1550 ἀδικεῖ

193 1578 278 1625 οὔτ’
303 1584 491 1626 ἀδικεῖται
523 1582 613 1625 οὔτε
644 1584 719 1625 ὑπὸ
752 1584 846 1625 θεοῦ
879 1582 968 1624 οὔτε
1000 1582 1106 1624 θεόν.

308 1658 593 1710 Contraria,
632 1658 784 1714 quibus
820 1658 1005 1700 maxime
1046 1658 1159 1700 illius
1196 1658 1345 1701 aetatis
1375 1659 1597 1714 scriptores
1628 1658 1824 1713 gaudent,

193 1747 245 1776 ne
277 1733 388 1790 apud
419 1734 723 1790 Antiphontem
756 1734 923 1790 quidem
957 1733 1120 1791 desunt.

311 1808 373 1851 Fr.
397 1809 452 1851 56
488 1810 632 1851 ἀποῦσι
668 1810 733 1851 καὶ
773 1809 1154 1864 μέλλουσι-παρῇ,
1192 1809 1240 1851 fr.
1263 1809 1330 1851 58,
1356 1809 1400 1850 τὸ
1438 1810 1822 1865 γεγεννῆσθαι-τῷ

193 1884 361 1938 μέλλειν,
386 1885 436 1927 cf.
460 1884 579 1939 Gorg.
604 1884 695 1927 Hel.
717 1886 782 1926 11.
815 1909 870 1916 —-
903 1884 966 1927 Fr.
985 1886 1040 1927 56
1064 1883 1408 1940 γλώττῃ-ἔργον,
1425 1886 1476 1926 cf.
1493 1885 1611 1940 Gorg.
1631 1885 1722 1927 Hel.
1743 1886 1780 1926 1.
1801 1885 1822 1927 7

194 1958 494 2015 λόγον-ἔργον.
526 1959 656 2002 Thuc.
679 1974 713 2002 e.
737 1974 772 2014 g.
796 1960 835 2002 II
857 1960 976 2011 40‚1.
998 1961 1095 2013 41,·2
1113 1959 1184 2014 (cf.
1207 1959 1323 2002 Blass
1340 1959 1366 2002 l.
1385 1974 1419 2002 c.
1438 1974 1477 2016 p.
1496 1959 1615 2014 218).
1639 1959 1824 2003 Antisth.

192 2035 259 2077 Ai.
284 2037 321 2077 1.
346 2035 383 2077 7.
406 2034 445 2077 8.
463 2059 518 2065 -
536 2034 602 2077 Fr.
624 2035 679 2077 58
701 2035 1144 2091 δράσειν-πείσεσθαι,
1179 2036 1228 2077 cf.
1252 2035 1371 2090 Gorg.
1396 2035 1487 2078 Hel.
1512 2036 1549 2078 7.

309 2110 636 2165 Nonnumquam
658 2110 774 2153 deest
795 2110 1002 2164 ἀντίθεσις,
1027 2124 1153 2165 quam
1177 2110 1348 2165 Gorgias
1373 2110 1616 2166 plerumque
1641 2109 1825 2163 exhibet,

191 2185 355 2228 etiamsi
392 2186 517 2227 verba
553 2192 731 2239 acervat,
773 2195 820 2227 ut
857 2185 1098 2228 dialecticae
1136 2192 1196 2228 est
1234 2186 1405 2242 peritus.
1465 2186 1576 2227 Haec
1612 2185 1721 2228 inter
1757 2200 1825 2228 eos

191 2260 425 2304 differentia
451 2261 643 2315 elucebit,
671 2261 705 2303 si
733 2261 960 2303 contuleris
983 2263 1081 2303 Ant.
1099 2261 1147 2303 sr.
1165 2261 1220 2303 53
1242 2261 1494 2317 ἐργαζόμενοι
1517 2262 1580 2303 καὶ
1602 2260 1825 2316 φειδόμενοι

192 2337 256 2378 καὶ
293 2338 626 2391 ταλαιπωροῦντες
668 2338 730 2378 καὶ
773 2336 1044 2392 προστιθέντες
1080 2351 1174 2379 cum
1213 2337 1332 2390 Gorg.
1363 2338 1411 2379 fr.
1436 2339 1460 2379 6
1498 2338 1563 2378 καὶ
1600 2337 1723 2391 λέγειν
1760 2338 1826 2379 καὶ

191 2413 301 2464 σιγᾶν
338 2411 401 2453 καὶ
439 2414 562 2452 ποιεῖν
594 2412 657 2453 καὶ
691 2411 759 2452 ἐᾶν
781 2442 791 2452 .
816 2443 826 2454 .
850 2444 860 2453 .
891 2413 1050 2465 γνώμην
1082 2411 1145 2452 καὶ
1178 2411 1329 2467 ῥώμην,
1360 2412 1428 2467 τὴν
1463 2412 1532 2465 μὲν
1565 2411 1826 2467 βουλεύοντες,

192 2485 261 2539 τὴν
293 2483 327 2526 δ’
357 2484 649 2530 ἀποτελοῦντες.

309 2559 603 2602 Parechesis
650 2560 835 2603 eiusdem
882 2560 993 2602 vocis
1040 2560 1260 2602 adhibetur
1302 2560 1344 2603 in
1389 2561 1437 2603 fr.
1460 2560 1517 2601 54
1554 2560 1653 2615 ἀνὴρ
1690 2559 1824 2615 ἄνδρα.

195 2634 381 2678 Eundem
421 2642 633 2691 poetarum
672 2650 793 2678 usum
833 2635 934 2677 adeo
972 2636 1161 2691 sequitur
1198 2635 1381 2690 Gorgias,
1419 2642 1465 2677 ut
1503 2649 1555 2678 ne
1593 2635 1822 2691 hyperbata

194 2709 363 2766 quidem
397 2716 600 2762 vereatur,
633 2711 683 2752 cs.
718 2710 807 2753 Hel.
835 2712 899 2753 17.
926 2711 991 2761 18,
1024 2711 1124 2752 item
1159 2710 1350 2765 Agathou
1385 2711 1424 2753 in
1459 2710 1518 2753 Pl.
1542 2711 1669 2754 Conv.
1696 2711 1776 2754 196
1790 2724 1824 2760 c,

193 2785 324 2827 Thuc.
350 2785 403 2827 IV
426 2787 494 2836 61,
517 2786 556 2827 2.
580 2785 618 2827 8.

312 2860 726 2915 “omonymorum
759 2861 1105 2917 paronomasia
1134 2860 1241 2903 ludit
1270 2861 1311 2904 in
1341 2861 1386 2903 fr.
1405 2861 1456 2903 61
1482 2861 1560 2903 ἀπὸ
1582 2864 1652 2917 τῆς
1673 2862 1826 2918 ἀρχῆς

315 2998 372 3039 ¹¹²)
398 2998 440 3034 cf.
469 2998 569 3035 Blass
597 3000 638 3034 A.
666 2998 704 3034 Β.
733 3010 765 3043 p.
786 2999 841 3035 68.
