2170 3412
1007 178 1287 220 ...18-

330 294 467 336 1320³
503 292 598 346 32):
632 291 733 333 ἀλλὰ
765 292 826 332 δεῖ
855 292 919 332 τὸν
964 291 1165 347 ἀληθινῶς
1204 292 1412 347 δημοτικὸν
1450 294 1545 348 ὁρᾶν
1582 292 1691 340 ὅπως
1721 294 1764 335 τὸ
1805 294 1959 349 πλῆθος

330 370 384 423 μὴ
423 368 506 409 λίαν
538 366 683 422 ἄπορον
715 364 758 421 ᾖ,
789 369 902 407 τοῦτο
933 364 1006 421 γὰρ
1037 365 1158 407 αἴτιον
1190 369 1258 407 τοῦ
1283 367 1491 423 μοχθηρὰν
1529 367 1625 410 εἶναι
1653 369 1725 424 τὴν
1765 370 1959 425 δημοκρα·

328 443 422 485 τίαν.
483 441 716 498 τεχναστέον
749 440 815 482 οὖν
848 442 955 486 ὅπως
987 440 1032 482 ἄν
1064 441 1225 496 εὐπορία
1255 442 1394 496 γίνοιτο
1416 441 1584 497 χρόνιος.
1646 443 1731 486 ἐπεὶ
1762 445 1806 486 δὲ
1843 458 1960 498 συμ-

329 518 461 573 φέρει
491 520 606 558 τοῦτο
638 517 702 558 καὶ
733 520 813 560 τοῖς
849 515 1045 571 εὐπόροις,
1084 516 1131 556 τὰ
1168 516 1238 570 μὲν
1286 517 1363 559 ἀπὸ
1410 521 1487 558 τῶν
1533 517 1737 573 προσόδων
1778 518 1960 573 γινόμενα

327 593 650 648 συναθροίζοντας
681 591 809 645 ἀθρόα
831 592 910 647 χρὴ
934 590 1126 643 διανέμειν
1149 594 1227 636 τοῖς
1258 591 1433 648 ἀπόροις,
1467 594 1634 644 μάλιστα
1666 593 1736 646 μὲν
1763 592 1875 638 εἴτις
1896 594 1959 636 δύ·

327 684 436 710 ναται
467 670 648 709 τοσοῦτον
682 666 946 722 συναθροίζων
979 666 1070 708 ὅσον
1108 667 1163 712 εἰς
1195 668 1332 722 γηδίου
1379 671 1528 723 κτῆσιν,
1575 668 1609 710 εἰ
1654 669 1698 709 δὲ
1745 669 1814 724 μή,
1859 669 1959 725 πρὸς

329 744 549 799 ἀφορμὴν
588 742 775 797 ἐμπορίας
815 743 879 783 καὶ
915 742 1103 797 γεωργίας
1138 744 1220 784 κτλ.
1301 742 1414 786 Idem
1452 744 1664 786 communi
1702 757 1842 786 rerum
1885 757 1963 786 usu

329 821 550 873 fructuque
572 818 692 871 effici,
725 822 773 859 ut
794 817 904 859 cives
927 816 1218 859 benevolentia
1239 817 1347 860 inter
1367 832 1410 860 se
1432 818 1642 860 coniuncti
1666 822 1817 872 essent,
1848 823 1964 861 ratus

330 893 578 936 Tarentinos
616 892 843 934 imitandos
886 894 1123 948 proposuit:
1183 892 1324 935 ἐκεῖνοι
1367 893 1440 948 γὰρ
1486 893 1620 934 κοινὰ
1665 896 1866 940 ποιοῦντες
1910 893 1964 935 τὰ

330 970 554 1024 κτήματα
592 971 673 1014 τοῖς
713 967 876 1022 ἀπόροις
915 967 994 1008 ἐπὶ
1031 969 1113 1022 τὴν
1151 972 1319 1024 χρῆσιν
1363 967 1495 1010 εὔνουν
1539 970 1878 1023 παρασκευάζουσι
1920 970 1964 1011 τὸ

329 1046 481 1099 πλῆθος
511 1044 618 1098 (Pol.
655 1043 688 1086 H
719 1045 759 1086 ὃ.
794 1041 932 1087 1320b
959 1044 1019 1098 9).
1088 1045 1227 1098 Atque
1263 1045 1390 1086 etiam
1423 1058 1490 1097 ea,
1529 1058 1654 1099 quam
1694 1044 1965 1088 Lacedaemo·

331 1121 391 1162 nii
430 1120 539 1162 inter
576 1134 619 1162 se
657 1119 868 1161 habebant
905 1119 1265 1170 communitatem,
1304 1118 1546 1175 philosopho
1583 1118 1805 1162 videbatur
1841 1133 1965 1176 expe-

332 1195 459 1237 tenda
481 1195 567 1237 Pol.
601 1194 633 1236 B
666 1195 705 1236 5.
769 1194 907 1237 1263ιι
936 1194 1029 1250 33):
1071 1194 1194 1236 ἰδίαν
1225 1195 1298 1250 γὰρ
1336 1194 1498 1238 ἕκαστος
1536 1195 1618 1248 τὴν
1655 1196 1821 1249 κτῆσιν
1857 1193 1965 1250 ἔχων

330 1271 377 1311 τὰ
409 1271 478 1324 μὲν
510 1270 724 1326 χρήσιμα
755 1273 862 1312 ποιεῖ
888 1274 969 1315 τοῖς
999 1270 1143 1325 φίλοις,
1176 1273 1256 1314 τοῖς
1287 1272 1330 1310 δε
1366 1272 1541 1325 χρῆται
1578 1273 1764 1324 κοινοῖς,
1795 1271 1877 1311 κτλ.
1910 1293 1965 1300 -

331 1347 390 1388 Cf.
413 1346 444 1387 Δ
477 1347 542 1389 10.
568 1344 712 1388 13291)
750 1347 824 1388 41:
857 1345 947 1387 οὔτε
977 1347 1108 1401 κοινήν
1140 1361 1266 1400 φαμεν
1299 1347 1375 1387 δεῖν
1407 1345 1594 1400 εἶναιτὴν
1618 1348 1797 1400 κτῆσιν,
1829 1345 1964 1400 ὥσπερ

331 1423 430 1466 τινὲς
461 1421 675 1476 εἰρήκασιν,
707 1422 806 1462 ἀλλὰ
842 1423 893 1476 τῇ
936 1422 1109 1477 χρήσει
1146 1423 1347 1476 φιλικῶς
1390 1419 1611 1475 γινομένῃ
1659 1422 1836 1475 κοινήν,
1882 1419 1959 1462 οὔτ’

331 1497 489 1551 ἀπορεῖν
521 1496 666 1538 οὐθένα
697 1499 774 1538 τῶν
806 1498 976 1538 πολιτῶν
1014 1500 1175 1551 τροφῆς.
1216 1520 1270 1526 —
1310 1494 1346 1538 Β
1377 1497 1416 1538 5.
1470 1493 1615 1539 1263¹³
1649 1497 1694 1537 ὗε
1742 1495 1843 1538 ἀλλὰ
1888 1496 1966 1550 μὴν

332 1573 396 1614 καὶ
426 1573 469 1613 τὸ
502 1560 794 1628 χαρίσασθαι
826 1573 889 1614 καὶ
923 1573 1173 1628 βοηθῆσαι
1204 1572 1330 1627 φίλοις
1361 1572 1385 1626 ἢ
1420 1572 1540 1617 ξένοις
1571 1572 1766 1627 ἢὲτέροις
1787 1572 1962 1627 ἥδιστον·

333 1647 353 1688 ὃ
385 1647 529 1701 γίνεται
566 1651 636 1702 τῆς
675 1647 851 1702 κτήσεως
889 1647 985 1692 ἰδίας
1022 1646 1154 1701 οὔσης.
1232 1646 1314 1688 Sed
1344 1646 1604 1700 Aristoteles,
1642 1647 1806 1688 etiamsi
1843 1660 1966 1688 suum

331 1722 482 1778 cuique
520 1722 734 1778 proprium
771 1722 1021 1774 tenendum,
1060 1736 1182 1764 usum
1224 1736 1488 1764 communem
1534 1736 1620 1764 esse
1663 1735 1795 1777 aeque
1839 1728 1966 1777 atque

332 1798 536 1840 Isocrates
568 1803 720 1850 censet,
753 1803 896 1839 tamen
927 1798 970 1839 in
1004 1811 1050 1839 eo
1095 1803 1137 1839 et
1181 1797 1232 1839 ab
1279 1797 1351 1839 illo
1389 1802 1430 1839 et
1475 1811 1500 1839 a
1534 1797 1734 1852 sophistis
1778 1795 1964 1850 dissidet,

331 1872 443 1927 quod
477 1873 695 1928 pecuniam
729 1873 869 1914 fenore
908 1872 995 1914 dari
1036 1878 1077 1914 et
1105 1873 1237 1927 accipi
1274 1877 1388 1914 vetat
1426 1871 1497 1927 (cf.
1530 1871 1667 1915 Pol.A
1693 1874 1758 1915 10.
1797 1869 1966 1924 12581‘).

333 1950 422 2000 Qua
453 1948 496 1990 in
530 1962 572 1989 re
602 1947 821 1990 Platonem
854 1948 1044 2003 sequitur
1076 1947 1148 2002 (cf.
1172 1947 1266 2002 Leg.
1289 1947 1325 1988 V
1351 1947 1558 2000 742c)³⁴).

446 2023 514 2065 Ab
546 2023 779 2065 utilitate
811 2029 951 2065 autem
989 2038 1041 2065 ne
1068 2023 1186 2065 Plato
1224 2022 1408 2077 quidem,
1452 2036 1704 2078 quamquam
1743 2038 1768 2065 a
1803 2023 1966 2066 iustitia

331 2098 619 2154 proficiscitur,
642 2099 811 2140 omnino
833 2097 1066 2151 recedit³⁵).
1118 2098 1208 2149 Cui,
1241 2097 1351 2154 quod
1382 2098 1600 2140 honestum
1625 2104 1700 2150 est,
1730 2098 1841 2140 idem
1863 2098 1967 2140 utile

331 2174 497 2216 videtur
525 2174 596 2227 (cf.
629 2173 895 2228 Rep.-339b‚
928 2173 1058 2225 345a,
1089 2173 1206 2216 445a
1236 2173 1331 2228 sq.).
1391 2173 1499 2214 Nam
1531 2172 1734 2229 quidquid
1771 2172 1966 2215 omnibus

331 2249 447 2301 utile,
480 2248 590 2291 idem
622 2234 797 2302 singulis
829 2248 944 2290 utile.
1005 2247 1108 2302 Ergo
1139 2247 1266 2290 saluti
1298 2247 1490 2304 publicae
1522 2247 1823 2303 providendum
1863 2261 1966 2300 esse,

333 2338 416 2379 qua
445 2324 704 2377 singulorum
733 2323 847 2365 salus
878 2323 1158 2365 contineatur:
1190 2325 1348 2378 κήδοιτο
1379 2322 1422 2364 δέ
1450 2321 1535 2377 γ’ἄν
1564 2339 1618 2368 τις
1640 2324 1808 2377 μάλιστα
1828 2323 1965 2365 τούτου

335 2399 356 2440 ὃ
388 2400 573 2455 τυγχάνοι
603 2401 726 2454 φιλῶν
760 2431 769 2439 .
804 2432 813 2440 .
846 2431 855 2440 .
880 2399 944 2440 καὶ
977 2399 1053 2453 μὴν
1085 2398 1198 2440 τοῦτό
1229 2397 1258 2453 γ’
1289 2397 1334 2440 ἂν
1358 2400 1524 2450 μάλιστα
1546 2400 1665 2453 φιλοῖ,
1698 2395 1733 2454 ᾦ
1757 2398 1967 2454 συμφέρειν

336 2475 470 2528 ἡγοῖτο
501 2474 549 2515 τὰ
581 2474 680 2516 αὐτὰ
713 2475 778 2516 καὶ
810 2475 938 2529 ἑαυτῷ
971 2475 1034 2515 καὶ
1067 2474 1215 2515 ἐκείνου
1253 2475 1323 2528 μὲν
1361 2472 1405 2515 εὖ
1442 2475 1676 2529 πράττοντος
1717 2472 1836 2515 οἴοιτο
1873 2487 1969 2528 συμ·

335 2550 477 2605 βαίνειν
515 2550 580 2591 καὶ
617 2549 747 2605 ἑαυτῷ
791 2548 833 2591 εὖ
880 2551 1080 2605 πράττειν,
1114 2551 1168 2604 μὴ
1207 2549 1268 2600 δέ,
1312 2549 1531 2590 τούναντίον
1573 2549 1693 2605 (Rep.
1731 2549 1864 2601 412d,
1915 2550 1967 2591 cf.

337 2625 431 2679 Leg.
464 2624 613 2678 875a).
674 2625 763 2667 Iam
786 2625 947 2667 Socrati
979 2639 1223 2680 persuasum
1254 2629 1362 2667 erat:
1393 2625 1539 2666 τούτων
1572 2626 1645 2678 (sc.
1679 2629 1757 2665 τῶν
1795 2627 1865 2678 τῆς
1902 2640 1969 2666 πο-

333 2700 454 2754 λεως)
483 2699 556 2755 γὰρ
589 2701 721 2745 καλῶς
752 2700 927 2755 ἐχόντων
959 2700 1004 2741 οὐ
1039 2701 1155 2755 μόνον
1187 2701 1223 2741 οἱ
1255 2699 1367 2741 ἄλλοι
1399 2702 1566 2753 πολῖται,
1599 2699 1699 2741 ἀλλὰ
1729 2700 1794 2743 καὶ
1837 2700 1875 2741 οἱ
1905 2701 1967 2742 σοὶ

456 2857 498 2901 ³⁴)
526 2859 569 2893 cf.
595 2859 814 2901 Poehlmann
840 2858 862 2892 l.
890 2869 918 2893 c.
947 2870 980 2904 p.
1000 2859 1080 2894 226.
1107 2858 1188 2894 229.

457 2917 500 2961 35)
526 2916 569 2952 cf.
589 2917 715 2960 Zeller,
735 2917 775 2952 D.
793 2917 884 2951 Phil.
904 2917 966 2951 der
984 2917 1123 2952 Griech.
1140 2917 1172 2951 II
1190 2917 1226 2951 1⁴
1243 2928 1276 2962 p.
1291 2917 1427 2952 605.—
1440 2917 1659 2953 Poeblmann
1677 2918 1700 2952 l.
1718 2928 1748 2953 c.
1766 2927 1800 2962 p.
1814 2916 1970 2962 3813qq.
