2170 3412
979 208 1263 250 —42—

309 323 472 375 bantur,
504 322 692 364 doctrina
723 327 848 377 atque
879 321 1143 364 institutione
1173 322 1374 366 virtutem
1406 324 1637 380 comparari
1660 338 1777 381 posse
1797 325 1939 368 existi-

308 397 492 439 mabant.
539 396 624 438 Alii
658 396 853 438 virtutem
887 395 937 438 ad
971 396 1311 439 exercitationem
1345 401 1387 439 et
1418 397 1760 441 consuetudinem
1791 400 1940 442 refere-

310 473 420 514 bant.
489 472 618 514 Erant
668 470 866 526 denique,
923 472 995 527 qui
1048 486 1138 514 eam
1191 472 1360 514 omnino
1412 473 1643 528 comparari
1694 488 1775 516 non
1822 488 1942 531 posse

307 547 523 598 sentirent,
557 547 627 589 sed
650 552 825 588 naturae
848 560 1018 588 munere
1041 546 1278 589 hominibus
1301 547 1528 602 obtingere.
1566 549 1677 598 Quas
1698 550 1940 603 sententias,

309 636 403 664 cum
443 622 513 663 alii
552 621 893 663 exercitationem
929 635 1025 663 cum
1069 621 1277 674 doctrina,
1323 621 1515 664 nonnulli
1559 637 1654 665 cum
1690 623 1856 678 ingenio
1892 637 1942 667 ac

307 701 458 739 natura
490 697 806 751 coniungerent,
846 695 896 738 ad
930 696 1051 749 duas,
1090 710 1194 751 quas
1224 711 1351 753 supra
1382 698 1725 752 commemoravi,
1758 697 1943 754 redigere

309 772 511 814 solebant.
574 771 725 814 Omnia
756 777 894 814 autem
929 771 1087 824 studia,
1127 772 1213 814 sive
1246 772 1298 814 ad
1330 773 1485 827 ingenii
1517 773 1740 815 facultates
1770 773 1859 816 sive
1889 772 1943 816 ad

308 861 443 889 mores
481 846 727 889 excolendos
760 847 1045 902 pertinebant,
1084 848 1252 890 virtutis
1284 848 1420 890 civilis
1451 847 1674 904 disciplina
1704 872 1759 878 —
1790 862 1941 905 parum

308 923 518 965 subtiliter
539 946 591 952 —
617 922 1036 978 comprehendebant.
1080 923 1166 964 Nec
1198 937 1294 965 vero
1317 923 1504 976 deerant,
1538 924 1609 978 qui
1632 938 1726 966 cum
1748 928 1942 966 naturam

308 998 492 1052 reginam
540 1011 629 1039 esse
674 997 831 1040 vellent
873 997 1117 1053 nullamque
1161 997 1327 1040 traditis
1369 998 1660 1042 auctoritatem
1698 998 1859 1053 legibus
1894 1012 1943 1041 ac

309 1074 494 1115 moribus
532 1073 779 1127 tribuerent,
816 1073 880 1115 ius
918 1086 1040 1116 omne
1076 1074 1120 1115 in
1157 1073 1316 1116 viribus
1353 1088 1400 1116 ac
1437 1073 1708 1116 facultatibus
1739 1087 1764 1116 a
1793 1077 1946 1117 natura

309 1149 417 1190 datis
449 1148 686 1205 ponendum
719 1162 806 1191 esse
838 1154 1065 1191 censerent.
1117 1149 1263 1203 Itaque
1294 1148 1493 1192 virtutem
1516 1148 1682 1191 civilem
1704 1154 1944 1205 respuentes

309 1238 474 1266 summo
506 1224 655 1279 cuique
687 1223 854 1278 ingenio
887 1224 1028 1266 omnia
1059 1224 1303 1266 tribuebant
1334 1231 1375 1266 et
1406 1224 1712 1267 validissimum
1736 1236 1944 1280 quemque

309 1299 474 1354 ingenio
507 1304 632 1355 atque
664 1313 741 1341 usu
773 1299 825 1341 ad
857 1299 1146 1355 imperandum
1178 1299 1373 1343 idoneum
1407 1300 1494 1342 fieri
1518 1299 1767 1342 sentiebant.
1815 1298 1945 1341 Cuius

309 1375 540 1418 sententiae
577 1389 822 1430 praeconem
859 1375 978 1417 Plato
1012 1374 1224 1417 Calliclem
1263 1375 1427 1418 inducit
1455 1375 1526 1429 (of.
1559 1375 1678 1430 Gorg.
1700 1374 1838 1418 484a:
1874 1374 1944 1416 ἐὰν

310 1450 353 1492 δέ
382 1466 428 1505 γε
449 1483 458 1492 .
481 1481 492 1491 .
515 1450 627 1506 φύσιν
660 1451 794 1505 ἱκανὴν
825 1449 982 1505 γένηται
1013 1448 1119 1506 ἔχων
1151 1450 1249 1505 ἀνήρ
1282 1452 1363 1492 κτλ.
1424 1450 1545 1493 484d
1578 1481 1585 1491 .
1613 1484 1623 1493 .
1645 1450 1724 1506 χρὴ
1758 1448 1943 1505 ἔμπειρον

310 1526 407 1567 εἶναι
430 1559 438 1567 .
464 1559 471 1567 .
505 1526 553 1567 cf.
588 1526 668 1567 An.
691 1525 840 1567 Iambl.
864 1525 1003 1580 G,28q.
1038 1525 1170 1580 7,15).

426 1601 602 1643 Plurimi
634 1605 791 1649 autem,
825 1600 903 1642 etsi
934 1606 1129 1642 naturam
1161 1600 1308 1642 ducem
1340 1600 1596 1656 sequendam
1625 1614 1714 1643 esse
1742 1600 1946 1643 cumillis

311 1676 644 1729 consentiebant,
698 1681 841 1718 tamen
895 1690 1039 1718 omnes
1085 1676 1229 1718 eodem
1275 1676 1364 1718 iure
1409 1682 1531 1718 natos
1577 1689 1664 1718 esse
1709 1676 1790 1718 rati
1834 1675 1946 1731 leges

311 1752 574 1806 metuendas,
613 1765 749 1794 mores
788 1751 1012 1794 servandos
1043 1765 1132 1793 esse
1164 1736 1438 1804 volebant⁹⁶5
1499 1751 1557 1794 Ut
1586 1751 1714 1806 igitur
1743 1750 1945 1794 virtutem

311 1827 476 1870 civilem
510 1827 682 1883 plurimi
713 1826 1006 1879 aestimabant,
1039 1826 1099 1868 ita
1130 1826 1367 1868 educationi
1401 1840 1448 1868 ac
1476 1826 1687 1869 doctrinae
1715 1826 1944 1868 maximam

313 1903 470 1945 dabant
487 1917 666 1958 operam.
700 1903 815 1944 Inter
831 1916 900 1945 eos
917 1907 1073 1955 autem,
1097 1901 1169 1956 qui
1187 1902 1353 1944 virtutis
1371 1902 1588 1956 magistros
1608 1915 1651 1943 se
1669 1915 1755 1944 esse
1776 1901 1946 1958 profite-

313 1979 484 2030 bantur,
518 1978 701 2020 maxime
732 1978 905 2020 florebat
936 1978 1199 2032 Protagoras,
1238 1978 1355 2020 cuius
1387 1977 1610 2033 disciplina
1641 1976 1777 2032 qualis
1806 1975 1945 2030 fuerit,

313 2068 407 2096 cum
440 2068 491 2096 ex
522 2053 616 2095 aliis
647 2053 865 2109 perpaucis
896 2053 1150 2094 testimoniis
1181 2058 1269 2094 tum
1294 2066 1345 2094 ex
1366 2052 1553 2094 Platonis
1574 2051 1738 2107 dialogo
1759 2051 1947 2105 intellegi

312 2134 464 2186 potest.
527 2129 699 2171 Constat
736 2128 972 2181 Platonem,
1013 2143 1107 2170 cum
1146 2128 1266 2170 illum
1305 2127 1355 2170 de
1392 2128 1638 2170 educatione
1674 2127 1946 2186 disserentem

313 2205 549 2254 induceret,
595 2218 803 2260 exponere
842 2203 1022 2246 voluisse
1059 2203 1287 2260 sophistam
1324 2204 1515 2245 notiones
1551 2217 1689 2245 rerum
1726 2216 1810 2245 non
1845 2202 1949 2244 satis

314 2280 432 2322 firme
476 2280 616 2322 animo
655 2284 876 2335 conceptas
913 2293 988 2321 nec
1024 2279 1149 2334 plane
1186 2284 1423 2335 perspectas
1459 2278 1622 2321 habere.
1684 2279 1946 2333 Quamquam

314 2355 441 2408 igitur
462 2355 690 2411 sophistam
723 2355 887 2411 saepius
919 2354 1149 2410 pugnantia
1179 2355 1421 2409 loquentem
1450 2352 1628 2408 facit⁹⁷),
1661 2358 1802 2409 tamen
1822 2352 1948 2395 ratio-

316 2445 410 2472 nem
454 2430 543 2472 eius
584 2431 787 2485 integram
826 2430 870 2472 in
908 2430 1019 2472 hunc
1057 2429 1228 2472 modum
1259 2429 1424 2471 restitui
1457 2443 1575 2485 posse
1605 2434 1720 2485 puto.
1780 2427 1945 2470 Etenim

437 2592 480 2636 96)
508 2592 550 2627 cf.
577 2593 645 2626 An.
672 2592 796 2628 lambl.
825 2592 879 2634 6‚1
898 2602 968 2636 sq.:
1011 2591 1069 2625 τόν
1100 2604 1136 2626 τε
1167 2591 1270 2636 νόμον
1301 2592 1359 2625 καὶ
1390 2591 1429 2625 τὸ
1460 2591 1590 2625 δίκαιον
1621 2590 1849 2637 ἐμβασιλεύειν
1879 2594 1950 2629 τοῖς

317 2650 510 2697 ἀνθρώποις
535 2651 593 2685 καὶ
618 2651 752 2698 οὒδαμῇ
784 2654 989 2696 μεταστῆναι
1022 2650 1062 2684 ἂν
1094 2649 1196 2685 αὑτά·
1239 2649 1335 2696 φύσει
1366 2651 1428 2696 γὰρ
1461 2650 1581 2697 ἰσχυρᾷ
1612 2649 1798 2685 ἐνδεδέσθαι
1828 2653 1948 2685 ταῦτα.

318 2710 368 2745 Cf.
389 2711 479 2753 7,14.
507 2730 551 2734 —
577 2710 628 2744 Pl.
663 2711 757 2745 Prot.
790 2710 890 2746 327b
922 2711 1152 2755 Protagoras:
1191 2709 1355 2744 λυσιτελεῖ
1384 2711 1457 2755 γάρ,
1489 2711 1591 2754 οἶμαι,
1622 2710 1703 2755 ἡμῖν
1734 2710 1756 2756 ἡ
1788 2708 1949 2755 ἀλλήλων

317 2768 510 2813 δικαιοσύνη
537 2770 596 2803 καὶ
622 2770 735 2815 ἀρετή.
769 2789 810 2794 -
844 2770 927 2803 Eur.
954 2768 1078 2813 Suppl.
1105 2768 1190 2803 31⁶2:
1223 2768 1260 2802 τὸ
1287 2770 1349 2814 γάρ
1375 2780 1426 2802 τοι
1452 2768 1591 2816 συνέχον
1617 2769 1809 2813 ἀνθρώπων
1835 2767 1949 2807 πόλεις

316 2826 415 2861 τοῦτ’
433 2825 520 2871 ἔσθ’,
558 2826 636 2861 ὅταν
668 2840 717 2865 τις
742 2828 820 2865 τοὺς
845 2827 966 2872 νόμους
998 2826 1089 2872 σῴζῃ
1122 2826 1248 2864 καλῶς.
1305 2826 1478 2861 Similiter
1503 2829 1571 2861 An.
1596 2826 1719 2861 Iambl.
1738 2826 1812 2870 3,6:
1844 2829 1947 2861 τοῦτο

317 2886 378 2931 γὰρ
404 2886 464 2923 τάς
489 2898 523 2920 τε
550 2885 663 2924 πόλεις
689 2887 747 2920 καὶ
770 2886 847 2924 τοὺς
874 2885 1074 2932 ἀνθρώπους
1100 2884 1138 2919 τὸ
1166 2884 1350 2925 συνοικίζον
1377 2886 1433 2919 καὶ
1458 2884 1496 2919 τὸ
1523 2886 1661 2931 συνέχον
1687 2886 1780 2920 εἶναι.

437 2944 480 2990 ⁹⁷)
509 2945 603 2990 quod
629 2946 828 2980 accuratius
856 2946 1026 2990 exposuit
1051 2944 1283 2990 Gomperzius
1308 2944 1332 2978 l.
1351 2955 1379 2979 c.
1406 2944 1465 2978 11²
1489 2944 1554 2979 251
1572 2954 1648 2990 sqq.

2165 2217 2170 2224 .
2163 2190 2170 2208 >s
2164 2155 2170 2181 ..ω
2158 1835 2170 2143 ,ΜΑ·,ὸνΙη-ῑι-ιηιιὴ-’νιη,ινγῆ...»Δ
2166 1811 2170 1823 ..
2162 1759 2170 1787 ,ίῳ
2163 1727 2170 1735 ι-

2166 2898 2170 2906 ..
2165 2849 2170 2887 .....
2160 2687 2170 2833 ..usa-ima.
2164 2635 2170 2678 a...
