2170 3412
965 227 1247 269 —10-

289 339 348 381 111
381 339 449 392 82,
480 340 540 394 4),
572 354 670 395 opes
703 341 1017 396 potentiamque
1048 340 1233 383 iustitiae
1263 342 1477 398 anteponi,
1508 343 1650 386 omnia
1678 344 1731 387 ad
1762 345 1920 389 utilita-

287 420 373 456 tem
409 415 550 456 referri
581 415 653 469 (cf.
687 415 703 456 I
739 415 804 468 76,
836 416 862 457 2
898 414 946 456 τὰ
985 414 1225 470 ἕυμφέροντα
1261 416 1502 470 λογιζόμενοι
1539 420 1598 473 τῷ
1637 419 1774 476 δικαίῳ
1811 422 1918 477 λόγῳ

287 491 352 529 νῦν
385 491 555 545 χρῆσθε,
589 489 630 530 ὃν
662 489 788 534 οὐδείς
817 506 880 531 πω
918 490 1144 546 παρατυχὸν
1185 491 1289 546 ἰσχύι
1326 507 1360 532 τι
1395 491 1618 546 κτήσασθαι
1654 494 1814 549 προθεὶς
1850 498 1922 538 τοῦ

288 564 343 619 μὴ
375 564 491 606 πλέον
524 563 629 620 ἔχειν
661 564 938 620 ἀπετράπετο).
992 565 1134 607 Fidem
1165 566 1492 622 societatemque
1523 568 1681 610 civium
1710 582 1804 612 cum
1835 571 1920 627 pie·

287 645 374 681 tate
405 640 604 682 adversus
642 639 740 682 deos
777 639 867 681 tolli
908 639 980 694 (cf.
1019 640 1079 682 111
1118 639 1187 694 82,
1226 641 1253 683 6
1290 641 1335 682 οὐ
1372 641 1445 697 γὰρ
1483 642 1580 697 μετὰ
1617 647 1695 684 τῶν
1732 644 1923 699 κειμένων

286 714 417 768 νόμων
449 715 599 770 ὠφελίᾳ
629 715 669 756 αἱ
702 717 875 757 τοιαῦται
908 715 1068 762 ξύνοδοι,
1107 715 1207 757 ἀλλὰ
1245 716 1349 771 παρὰ
1386 716 1475 762 τοὺς
1513 719 1768 764 καθεστῶτας
1806 722 1921 762 πλεο·

286 789 403 845 νεΕίᾳ.
465 791 529 831 καὶ
560 789 627 835 τὰς
658 790 698 835 ἐς
730 793 831 845 σφᾶς
862 790 1002 836 αὐτοὺς
1033 791 1179 836 πίστεις
1209 791 1254 833 οὐ
1286 794 1343 847 τῷ
1375 792 1473 848 θείῳ
1504 794 1614 849 νόμῳ
1637 795 1784 847 μᾶλλον
1812 794 1924 850 ἐκρα·

285 866 441 907 τύνοντο
474 865 498 920 ἢ
530 869 586 921 τῷ
619 869 732 920 κοινῇ
763 882 798 907 τι
838 866 1148 921 παρανομῆσαι).
1210 866 1338 909 Nulla
1374 874 1513 923 pacta,
1553 868 1717 911 nullum
1754 871 1819 912 ius
1855 870 1923 913 iu·

286 940 462 982 randum
510 941 666 983 servari
711 940 792 982 nisi
830 941 934 983 utile
971 941 1036 983 vel
1072 941 1377 984 necessarium:
1423 942 1494 984 οὐκ
1537 943 1711 999 ἐχόντων
1753 944 1923 987 ἄλλοθεν

286 1016 447 1069 δύναμιν
480 1015 560 1070 (ΙΙΙ
593 1015 663 1069 82,
697 1016 754 1069 7).
816 1016 1047 1059 Verborum
1081 1016 1206 1058 decus
1238 1017 1454 1072 praetendi
1478 1018 1667 1061 foeditati
1689 1019 1921 1063 facinorum

287 1091 358 1145 (cf.
392 1091 453 1132 ΙΙΙ
485 1091 552 1143 82,
586 1090 645 1145 8).
708 1091 856 1133 Verbis
888 1106 1150 1134 communem
1185 1091 1362 1134 salutem
1396 1093 1586 1149 persequi
1617 1093 1773 1147 (cf.111
1803 1093 1872 1150 82,
1893 1093 1925 1138 8

287 1166 333 1207 τὰ
365 1166 434 1220 μὲν
466 1166 576 1208 κοινὰ
607 1165 713 1222 λόγῳ
746 1166 1061 1222 θεραπεύοντες),
1094 1167 1211 1208 nulla
1242 1167 1413 1209 alterius
1435 1168 1595 1211 ratione
1620 1168 1762 1211 habita
1782 1169 1926 1212 omnia

287 1241 338 1283 ad
370 1255 413 1283 se
444 1255 587 1297 rapere
618 1241 855 1284 commoda:
888 1241 933 1284 οὐ
967 1241 1086 1297 μέχρι
1117 1244 1184 1283 τοῦ
1217 1242 1366 1284 δικαίου
1397 1244 1462 1284 καὶ
1492 1245 1551 1298 τῇ
1582 1242 1721 1286 πόλει
1751 1243 1925 1299 ξυμφό·

287 1332 368 1371 ρου
399 1316 684 1372 προστιθέντες,
719 1317 758 1362 ἐς
790 1318 833 1358 δὲ
864 1318 907 1358 τὸ
940 1317 1135 1372 ἑκατέροις
1167 1333 1241 1359 που
1273 1318 1332 1359 ἀεὶ
1370 1319 1546 1374 ἡδονὴν
1584 1317 1679 1375 ἔχον
1716 1319 1923 1375 ὁρίζοντες.

288 1392 463 1434 Causam
502 1397 642 1435 autem
681 1392 869 1435 omnium
906 1393 1111 1435 malorum
1150 1392 1414 1448 Thucydides
1460 1394 1590 1436 fuisse
1635 1394 1736 1437 dicit
1781 1397 1922 1437 πλεο-

287 1467 437 1513 νεΕίαν
475 1468 538 1510 καὶ
576 1468 794 1523 φιλοτιμίαν
831 1467 911 1522 (ΙΙΙ
953 1467 1028 1520 82,
1065 1468 1125 1522 8).
1192 1468 1251 1510 Ex
1289 1469 1441 1524 quibus
1486 1469 1691 1512 discordia
1736 1469 1927 1513 nascitur

285 1543 485 1586 scelerum
519 1550 561 1586 et
593 1543 844 1598 flagitiorum
877 1549 1029 1585 mater:
1061 1544 1165 1585 οὕτω
1196 1546 1302 1586 πᾶσα
1341 1543 1424 1586 ἰδέα
1461 1543 1628 1599 κατέστη
1665 1547 1925 1600 κακοτροπίας

287 1618 362 1660 διὰ
400 1619 479 1664 τὰς
523 1620 706 1664 στάσεις
742 1621 799 1674 τῷ
836 1617 1054 1674 Ἑλληνικῷ
1093 1619 1175 1673 (ΙΙΙ
1210 1619 1278 1673 83,
1327 1619 1385 1674 1).
1453 1619 1587 1669 Quid?
1652 1619 1921 1676 optimatium

286 1693 391 1735 illud
424 1694 467 1735 in
507 1693 757 1748 quibusdam
796 1693 1039 1735 civitatibus
1075 1693 1141 1735 ius
1178 1693 1421 1736 iurandum:
1460 1695 1525 1736 καὶ
1560 1698 1618 1751 τῷ
1654 1695 1772 1751 δήμῳ
1807 1695 1923 1738 κακύ·

284 1784 373 1814 νους
403 1767 543 1822 ἔσομαι
575 1769 638 1810 καὶ
671 1769 873 1823 βουλεύσω
905 1768 963 1810 ὅτι
992 1767 1045 1822 ἂνξ
1065 1767 1150 1824 ἔχω
1178 1770 1296 1810 κακόν
1333 1769 1483 1823 (Arist.
1507 1770 1594 1812 Pol.
1617 1769 1649 1812 Θ
1682 1771 1721 1812 9.
1746 1771 1924 1814 1310·9

286 1843 486 1899 Susam),
532 1858 672 1886 nonne
710 1844 964 1886 contrarium
1005 1850 1067 1885 est
1107 1844 1163 1897 ei,
1201 1844 1310 1899 quod
1351 1845 1638 1900 unusquisque
1675 1845 1831 1888 civium
1876 1846 1920 1889 in

286 1919 460 1962 Graecia
489 1919 628 1961 iurare
659 1919 838 1961 debebat
868 1919 1126 1961 concorditer
1155 1932 1198 1960 se
1229 1919 1439 1960 victurum
1476 1933 1564 1962 esse
1601 1934 1696 1962 cum
1732 1919 1924 1963 civibus?

288 1995 414 2036 Cuius
444 1994 548 2036 iuris
577 1994 746 2036 iurandi
778 1994 1015 2050 exemplum
1048 1994 1179 2050 lapidi
1210 1993 1467 2049 insculptum
1498 1995 1691 2037 fortunae
1712 1995 1832 2038 nobis
1853 1996 1922 2038 be·

286 2069 491 2124 nignitate
535 2074 746 2112 servatum
788 2068 928 2123 est¹⁸).
996 2069 1190 2124 Legimus
1234 2069 1347 2111 enim
1393 2069 1470 2111 hoc
1507 2069 1806 2113 Chersonesitis
1848 2084 1923 2127 per

286 2158 431 2187 omnes
462 2144 559 2187 deos
591 2145 719 2187 fuisse
749 2145 995 2187 iurandum:
1028 2146 1237 2199 ὁμονοησῶ
1270 2144 1368 2200 ὑπὲρ
1390 2145 1583 2199 σωτηρίας
1603 2146 1669 2186 καὶ
1695 2145 1922 2201 ἐλευθερίας

286 2219 427 2265 πόλεος
458 2221 522 2262 καὶ
559 2222 718 2262 πολιτᾶν
755 2221 820 2262 καὶ
858 2220 903 2261 οὐ
940 2221 1138 2276 προδωσῶ
1169 2219 1421 2276 Χερσόνασον
1453 2222 1533 2261 κτλ.
1600 2219 1717 2262 Idem
1753 2220 1818 2262 ius
1852 2221 1920 2263 iu-

285 2295 465 2337 randum
495 2300 658 2352 spectat
689 2295 890 2343 Socrates,
924 2310 1020 2337 cum
1051 2295 1206 2337 civium
1236 2294 1414 2337 salutem
1436 2294 1479 2337 in
1502 2294 1721 2337 concordia
1740 2295 1920 2351 positam

287 2385 374 2413 esse
405 2371 598 2427 exponit:
631 2370 730 2412 ἀλλὰ
763 2371 839 2426 μὴν
871 2371 935 2412 καὶ
967 2370 1131 2425 ὁμόνοιά
1159 2386 1203 2425 γε
1234 2370 1413 2424 μέγιστόν
1444 2385 1486 2411 τε
1517 2370 1664 2424 ἀγαθὸν
1696 2371 1806 2412 δοκεῖ
1832 2373 1923 2417 ταῖς

287 2445 446 2487 πόλεσιν
475 2445 574 2487 εἶναι
603 2447 667 2487 καὶ
699 2447 922 2491 πλειστάκις
954 2445 994 2487 ἐν
1031 2446 1166 2492 αὐταῖς
1201 2446 1248 2487 αἵ
1286 2461 1328 2487 τε
1364 2445 1563 2500 γερουσίαι
1599 2446 1663 2487 καὶ
1699 2446 1736 2486 οἱ
1773 2445 1921 2500 ἄριστοι

287 2521 421 2575 ἄνδρες
452 2522 784 2576 παρακελεύονται
814 2525 895 2567 τοῖς
926 2521 1101 2566 πολίταις
1132 2521 1326 2575 ὁμονοεῖν,
1359 2521 1422 2562 καὶ
1454 2523 1656 2576 πανταχοῦ
1687 2521 1727 2562 ἐν
1757 2524 1808 2576 τῇ
1833 2518 1919 2563 Ἑλ-

286 2597 374 2637 λάδι
404 2595 523 2651 νόμος
552 2600 677 2638 κεῖται
707 2597 797 2643 τοὺς
827 2597 987 2641 πολίτας
1018 2596 1180 2651 ὀμνύναι
1213 2596 1458 2651 ὁμονοήσειν,
1490 2597 1555 2637 καὶ
1577 2599 1777 2652 πανταχοῦ
1801 2595 1921 2649 ὀμνύ-

286 2686 370 2713 ουσι
401 2672 465 2713 τὸν
498 2671 612 2727 ὅρκον
643 2675 797 2715 τοῦτον·
830 2672 939 2727 οἶμαι
970 2671 1006 2714 δ’
1035 2672 1114 2726 ἐγὼ
1144 2675 1265 2714 ταῦτα
1290 2671 1489 2726 γίγνεσθαι
1523 2702 1704 2713 .....
1715 2705 1726 2725 ,
1757 2671 1820 2713 ἵνα
1839 2674 1921 2718 τοῖς

286 2747 419 2799 νόμοις
463 2747 690 2789 πείθωνται.
752 2748 901 2792 τούτοις
943 2747 1018 2803 γὰρ
1064 2751 1141 2789 τῶν
1180 2748 1350 2788 πολιτῶν
1396 2745 1661 2801 ἐμμενόντων,
1705 2747 1745 2787 αἱ
1788 2746 1922 2792 πόλεις

289 2822 540 2877 ἰσχυρόταταί
568 2838 610 2864 τε
641 2823 706 2864 καὶ
737 2822 1080 2877 εὐδαιμονέσταται
1109 2824 1316 2877 γίγνονται·
1350 2820 1441 2863 ἄνευ
1473 2822 1515 2863 δὲ
1546 2821 1728 2875 ὁμονοίας
1763 2820 1844 2864 οὔτ’
1874 2820 1921 2863 ἂν

406 2974 451 3018 ¹⁸)
477 2975 740 3020 Dittenberger,
769 2974 913 3020 Sylloge
939 2975 981 3009 1²
1004 2975 1086 3010 461.
