2170 3412
1006 260 1267 302 -8-

323 373 419 415 libri
451 371 546 428 Περὶ
578 373 772 427 ὁμονοίας,
805 373 855 415 de
887 387 967 428 quo
998 374 1296 417 subobscuram
1318 374 1503 418 Blassius
1533 375 1641 419 dixit
1661 389 1750 421 esse
1777 378 1955 434 quaesti·

324 447 521 502 onem¹⁰).
588 449 728 503 Atque
772 448 806 490 is
851 448 1021 503 quidem
1068 445 1202 505 primo
1247 449 1476 506 sophistam
1523 451 1566 493 in
1604 450 1680 494 hoc
1720 451 1827 495 libro
1864 467 1952 496 rem

323 522 535 579 publicam
572 524 781 565 civiumve
813 523 1076 565 concordiam
1108 524 1292 578 attigisse
1328 525 1578 580 negavit¹¹)‚
1611 531 1702 582 post
1738 527 1951 582 nonnulla,

323 612 430 654 quae
469 597 522 640 ad
559 598 800 640 societatem
839 598 996 640 civium
1039 598 1261 654 pertinent,
1302 599 1579 642 Iamblichum
1618 615 1668 643 ex
1705 601 1794 657 ipso
1831 603 1952 646 Anti·

322 672 490 728 phontis
522 671 618 727 Περὶ
651 673 834 727 ὁμονοίας
872 673 977 715 libro
1009 674 1262 729 excerpsisse
1294 674 1545 730 coniecit¹²).
1608 676 1768 719 Blassio
1799 682 1952 729 autem,

322 761 447 803 quem
483 748 572 790 sine
611 747 698 790 ulla
736 748 998 791 dubitatione
1034 755 1200 791 secutus
1237 755 1301 791 est
1347 750 1696 806 Gomperzius¹²)‚
1740 765 1835 794 cum
1881 752 1955 795 alii

321 822 685 877 contradixerunt,
726 827 817 865 tum
863 823 915 867 K.
954 824 1201 880 Toepferus‚
1241 824 1313 879 qui
1349 839 1585 868 sermonem
1624 827 1805 869 auctoris
1841 826 1954 869 Iam-

322 897 449 939 blichi
481 897 666 940 alienum
689 898 740 940 ab
763 898 1023 954 Antiphonte
1046 913 1133 941 esse
1155 899 1273 941 nobis
1295 899 1463 955 quidem
1486 901 1693 957 probavit,
1724 901 1954 945 sententias

320 973 372 1015 ab
405 987 452 1015 eo
485 973 654 1016 omnino
687 973 909 1016 abhorrere
941 988 1022 1016 non
1044 974 1314 1030 probavit¹⁴).
1366 975 1485 1026 Quod
1515 977 1626 1019 enim
1648 977 1952 1032 Antiphontem

319 1047 479 1090 nullam
512 1049 572 1090 rei
602 1049 795 1105 publicae
826 1050 1032 1092 rationem
1064 1049 1259 1092 habuisse
1290 1050 1405 1102 dicit,
1437 1050 1536 1106 quid
1558 1051 1629 1093 ille
1651 1051 1842 1105 voluerit,
1872 1064 1952 1095 non

318 1128 428 1166 recte
479 1138 575 1166 eum
620 1124 860 1180 intellegere
906 1124 1180 1180 putamus¹⁸).
1252 1125 1301 1168 In
1345 1127 1474 1169 tantis
1519 1127 1647 1181 igitur
1690 1127 1840 1170 talium
1893 1127 1954 1170 vi·

318 1212 458 1241 rorum
480 1199 809 1243 dissensionibus
829 1199 880 1254 ¹⁶)
909 1214 1004 1242 cum
1036 1205 1224 1243 nostrum
1247 1215 1334 1243 esse
1356 1201 1549 1244 videatur
1570 1216 1714 1244 verum
1740 1202 1951 1258 indagare,

317 1275 352 1316 si
389 1274 434 1316 in
464 1274 628 1329 singula
658 1276 886 1330 fragmenta
919 1276 1153 1318 accuratius
1184 1276 1456 1331 inquiremus,
1488 1276 1646 1332 aliquid
1676 1291 1752 1319 nos
1786 1277 1953 1320 effectu·

318 1363 383 1390 ros
414 1363 501 1391 esse
531 1363 764 1405 speramus.
825 1350 965 1406 Atque
997 1364 1146 1406 operae
1176 1351 1358 1407 pretium
1397 1356 1461 1393 est
1492 1351 1543 1393 ad
1575 1351 1648 1394 has
1678 1351 1954 1408 Antiphontis

317 1424 517 1479 reliquias
563 1425 703 1467 studia
748 1430 891 1468 nostra
929 1427 1127 1475 conferre,
1166 1426 1320 1482 quippe
1357 1426 1429 1481 qui
1471 1440 1580 1468 unus
1621 1426 1676 1469 sit
1713 1440 1763 1469 ex
1809 1427 1953 1483 paucis

319 1512 462 1541 eorum
494 1499 788 1556 sophistarum,
827 1514 1004 1555 quorum
1035 1501 1191 1556 scripta
1226 1515 1309 1543 non
1347 1501 1471 1557 plane
1509 1501 1725 1557 perierint,
1762 1500 1804 1543 id
1841 1501 1953 1557 quod

316 1573 360 1615 in
408 1574 632 1629 Protagora
678 1575 838 1617 factum
875 1589 962 1618 esse
999 1575 1184 1618 maxime
1227 1575 1428 1618 dolemus.
1496 1575 1692 1629 Accedit,
1729 1575 1840 1632 quod
1881 1575 1952 1619 ille

317 1649 478 1705 primus
508 1651 592 1692 fere
623 1665 820 1705 magnam
852 1665 941 1692 rem
970 1651 1179 1705 tractavit,
1213 1651 1279 1693 cui
1311 1665 1394 1693 non
1430 1651 1565 1693 solum
1602 1651 1840 1707 posterioris
1875 1665 1951 1694 an·

317 1724 527 1780 tiquitatis
573 1725 810 1782 philosophi
846 1725 920 1768 sed
956 1726 1085 1768 etiam
1129 1731 1293 1768 nostrae
1339 1727 1489 1768 aetatis
1526 1726 1747 1781 diligenter
1783 1740 1952 1783 operam

318 1799 535 1842 dederunt.

434 1875 622 1931 Denique
668 1877 801 1918 forma
846 1875 1057 1918 scribendi
1093 1881 1135 1918 et
1171 1891 1244 1932 per
1280 1890 1342 1928 se,
1379 1881 1427 1918 ut
1464 1881 1528 1919 est
1565 1877 1785 1929 vetustior,
1828 1876 1953 1932 digna

317 1950 498 1999 videtur,
531 1965 637 2006 quae
668 1951 712 1993 in
743 1951 866 1993 tertio
899 1951 1202 1994 dissertationis
1234 1951 1370 2007 capite
1401 1952 1636 1994 accuratius
1673 1951 1952 2004 examinetur,

318 2031 361 2068 et
392 2031 611 2082 propterea
641 2027 824 2069 maxime
855 2027 1127 2083 respicienda,
1160 2026 1282 2083 quod,
1314 2027 1351 2069 si
1381 2027 1556 2082 antiqua
1582 2027 1952 2081 grammaticorum

317 2101 369 2144 de
408 2101 681 2157 Antiphontis
718 2101 884 2144 dicendi
919 2116 1068 2156 genere
1107 2101 1262 2144 iudicia
1299 2117 1393 2144 cum
1441 2102 1542 2158 ipsis
1577 2102 1820 2157 fragmentis
1856 2116 1951 2144 con-

317 2177 510 2229 feremus,
542 2177 585 2218 id
617 2177 829 2230 efficietur,
863 2182 910 2219 ut
940 2191 989 2219 ea
1021 2191 1127 2233 quae
1158 2177 1200 2219 in
1231 2177 1439 2233 prioribus
1470 2177 1677 2233 capitibus
1698 2176 1951 2220 contenderi·

316 2266 424 2305 mus,
457 2253 585 2294 etiam
615 2252 766 2294 melius
797 2252 1062 2294 stabiliamus
1095 2257 1220 2307 atque
1250 2252 1556 2294 confirmemus.

432 2327 548 2378 Quod
581 2333 721 2370 autem
754 2327 805 2370 ad
836 2332 1000 2369 textum
1033 2327 1197 2380 attinet,
1229 2341 1311 2369 non
1343 2327 1524 2369 multum
1555 2327 1801 2379 efficiemus,
1839 2333 1950 2383 post·

317 2415 444 2458 quam
489 2403 675 2445 Blassius
722 2408 763 2445 et
807 2391 1013 2445 Dielesius
1050 2417 1145 2445 eum
1183 2403 1523 2444 emendaverunt.
1590 2401 1803 2444 Nonnulla
1838 2416 1948 2456 vero,

437 2535 477 2577 ¹⁰)
505 2535 554 2570 De
581 2534 806 2579 Antiphonte
832 2534 994 2579 sophista
1020 2534 1203 2569 Iamblichi
1230 2536 1372 2568 auctore
1398 2532 1496 2576 (Kiel
1517 2532 1619 2574 1889)
1646 2545 1680 2578 p.
1699 2534 1735 2567 4.

439 2594 480 2638 ¹¹)
507 2593 668 2628 Attische
694 2593 963 2628 Beredsamkeit
988 2593 1003 2627 Ι
1029 2593 1109 2644 111,
1136 2593 1180 2627 ef.
1207 2592 1292 2627 edit.
1321 2603 1355 2637 p.
1377 2591 1441 2626 136
1456 2602 1509 2636 sq.

437 2653 478 2695 12)
504 2653 527 2686 l.
546 2663 574 2687 c.
602 2663 636 2697 p.
658 2652 711 2686 13.

438 2710 479 2753 ι3)
506 2710 735 2745 Griechische
762 2710 903 2745 Denker
928 2710 966 2744 12
991 2709 1073 2744 350.
1097 2710 1178 2744 464.

437 2769 476 2811 ¹4)
502 2769 568 2804 Die
595 2781 670 2815 sog.
697 2770 908 2815 Fragmenta
936 2768 969 2804 d.
997 2768 1105 2813 Soph.
1132 2768 1315 2814 Antiphon
1343 2769 1374 2803 b.
1401 2768 1523 2803 Iambl.
1548 2768 1663 2810 (XXI.
1680 2768 1883 2803 Jahresber.
1912 2768 1947 2803 d.

318 2828 446 2872 Gymn.
472 2829 509 2862 in
537 2829 659 2862 Arnau
688 2827 790 2869 1902)
817 2839 852 2873 p.
870 2827 915 2862 36
930 2838 1007 2872 sqq.
1033 2827 1076 2861 41
1093 2837 1168 2872 sqq.

435 2885 478 2931 15)
505 2886 527 2920 1.
546 2897 575 2920 c.
603 2897 638 2931 p.
655 2888 712 2921 47.

437 2945 476 2987 ¹⁶)
503 2945 607 2980 Omni
640 2947 788 2981 rationis
820 2945 1054 2980 fundamento
1086 2948 1220 2989 carent,
1250 2956 1339 2990 quae
1373 2944 1519 2989 protulit
1545 2944 1793 2987 Schneiderus,
1827 2944 1946 2979 Wien.

314 3004 414 3039 Stud.
440 3005 565 3039 XXVI
594 3005 647 3039 14.
