2170 3412
931 220 1217 262 -45-

260 335 392 391 Saepe
423 339 574 377 natura
606 335 697 391 plns
729 335 841 378 valet
870 335 1059 378 doctrina
1085 335 1154 390 (fr.
1177 334 1264 388 53).
1321 335 1463 390 Neque
1495 348 1636 376 veram
1668 333 1887 376 scientiam

260 410 392 452 multa
422 410 615 452 discendo
647 410 717 453 sed
750 411 930 453 multum
963 409 1182 465 cogitando
1213 411 1445 466 assequeris
1474 410 1543 463 (fr.
1567 409 1657 463 65).

375 485 582 527 Nimirum
648 486 881 528 subtilitate
947 483 1266 541 philosophandi
1343 484 1605 526 Democritus
1680 484 1890 540 sophistas

254 561 495 616 superabat.
577 561 832 611 Quibuscum
887 560 938 603 de
985 561 1054 602 via
1099 574 1147 602 ac
1192 559 1366 612 ratione,
1416 573 1500 613 qua
1544 564 1588 601 et
1631 559 1890 614 singulorum

259 635 474 677 hominum
532 635 663 678 virtus
723 641 766 678 et
825 635 954 678 totius
1010 636 1068 678 rei
1120 635 1312 691 publicae
1365 634 1477 677 salus
1534 634 1772 690 appetenda
1822 635 1892 686 sit,

258 711 557 753 consentiebat.
634 711 868 753 Verisimile
921 718 984 752 est
1035 710 1162 766 igitur
1212 710 1319 752 hanc
1364 709 1570 752 educandi
1622 709 1885 765 disciplinam

258 786 308 827 ab
355 785 569 827 Abderitis
615 785 839 840 Protagora
888 790 928 827 et
974 785 1211 828 Democrito
1265 785 1411 841 primis
1457 785 1506 826 ad
1554 785 1758 826 rationem
1803 797 1889 826 esse

258 865 505 902 revocatam.
584 861 717 911 Quam
761 860 965 903 rationem
1014 861 1232 916 plerosque
1276 860 1445 902 virtutis
1490 859 1556 902 vel
1603 860 1703 901 artis
1748 859 1892 901 cuius-

257 935 352 977 dam
388 935 608 990 magistros
645 941 806 977 secutos
843 949 930 978 esse
962 950 1056 978 cum
1089 950 1140 979 ex
1174 936 1236 978 his
1267 935 1480 990 Anonymi
1511 934 1757 977 Iamblichei
1787 934 1891 976 locis

255 1011 543 1064 cognovimus:
578 1010 654 1061 1‚2
683 1012 825 1064 φῦναι
857 1011 926 1063 μὲν
958 1014 1112 1065 πρῶτον
1143 1011 1222 1052 δεῖν
1254 1010 1318 1052 καὶ
1349 1012 1463 1051 τοῦτο
1495 1010 1564 1064 μὲν
1595 1011 1643 1064 τῇ
1669 1009 1774 1064 τύχῃ
1795 1009 1890 1050 ἀπο·

255 1085 458 1134 δεδόσθαι,
490 1085 538 1126 τὰ
576 1086 619 1127 δὲ
656 1085 719 1126 ἐπ’
751 1085 858 1140 αὐτῷ
898 1086 974 1140 ἤδη
1015 1089 1071 1141 τῷ
1112 1086 1314 1141 ἀνθρώπῳ
1352 1087 1445 1127 τάδε
1482 1085 1598 1132 εἶναι,
1642 1085 1890 1139 ἐπιθυμητὴν

254 1161 435 1216 γενέσθαι
478 1165 555 1202 τῶν
601 1163 732 1202 καλῶν
780 1163 843 1202 καὶ
889 1162 1048 1215 ἀγαθῶν
1095 1161 1353 1216 φιλόπονόν
1387 1151 1446 1203 ’τε
1491 1162 1555 1202 καὶ
1599 1160 1889 1216 πρωιαίτατα

256 1237 552 1288 μανθάνοντα
582 1237 647 1277 καὶ
678 1236 826 1277 πολὺν
858 1236 1029 1291 χρόνον
1051 1236 1181 1281 αὐτοῖς
1204 1238 1535 1278 συνδιατελοῦντα.
1578 1236 1651 1289 2,1
1688 1269 1696 1278 .
1720 1268 1731 1278 .
1753 1235 1890 1276 αὐτίκα

255 1313 315 1353 δεῖ
343 1311 445 1352 νέον
468 1341 477 1351 .
503 1343 511 1352 .
543 1310 788 1365 ἄρξασθαι.
851 1311 927 1365 2,6
958 1310 1014 1352 ἔτι
1046 1312 1088 1352 δὲ
1119 1313 1185 1353 καὶ
1217 1313 1237 1353 ὁ
1269 1311 1443 1367 χρόνος
1475 1313 1599 1353 συνὼν
1632 1311 1701 1364 μὲν
1733 1311 1891 1366 ἑκάστῳ

254 1385 358 1442 ἔργῳ
414 1386 477 1427 καὶ
535 1387 728 1440 πράγματι
778 1387 899 1431 πολὺς
947 1388 1012 1428 καὶ
1063 1387 1126 1428 διὰ
1177 1389 1328 1441 μακροῦ
1378 1387 1556 1442 κρατύνει
1608 1387 1664 1428 τὸ
1715 1386 1891 1428 ἀσκού-

255 1477 462 1516 μενον..
486 1460 620 1515 ,¹⁰⁰⁸),
653 1467 741 1504 tum
777 1476 826 1503 ex
859 1462 1002 1504 fabula
1035 1462 1188 1515 elucet,
1220 1477 1304 1518 qua
1334 1461 1469 1517 διῴκει
1497 1461 1686 1516 Πρόδικος
1716 1462 1787 1516 τὴν
1819 1460 1883 1503 ὑπ’

248 1536 415 1593 Ἀρετῆς
440 1536 678 1593 Ἡρακλέους
710 1538 906 1579 παίδευσιν
939 1537 1064 1591 (Xen.
1092 1538 1214 1580 Mem.
1239 1538 1278 1579 ΙΙ
1310 1537 1444 1592 1,34>.
1508 1541 1568 1579 Ac
1602 1537 1782 1593 primum
1814 1537 1890 1579 illa

253 1613 332 1655 dea
362 1612 542 1655 multum
575 1613 627 1654 ad
660 1613 860 1655 virtutem
894 1613 1030 1654 valere
1062 1612 1182 1663 dicit,
1215 1613 1324 1668 quod
1360 1612 1559 1655 Hercules
1592 1613 1710 1655 bonis
1740 1626 1890 1669 paren-

251 1688 363 1730 tibus
403 1695 517 1731 ortus
547 1689 618 1742 (cf.
651 1688 749 1730 Crit.
783 1689 832 1730 fr.
855 1689 930 1742 32)
971 1689 1161 1743 bonaque
1197 1688 1338 1730 indole
1376 1687 1589 1745 praeditus
1626 1688 1681 1730 sit
1710 1687 1758 1742 (l.
1782 1703 1815 1730 c.
1847 1688 1887 1729 Il

256 1764 391 1818 137).
438 1764 618 1806 Deinde:
651 1764 719 1808 τὰς
751 1764 965 1815 πολεμικὰς
996 1763 1136 1819 τέχνας
1165 1763 1286 1808 αὐτάς
1317 1779 1359 1805 τε
1390 1764 1495 1819 παρὰ
1517 1768 1595 1805 τῶν
1617 1763 1887 1817 ἐπισταμένων

253 1838 492 1894 μαθητέον
537 1841 601 1881 καὶ
648 1838 755 1884 ὅπως
798 1839 933 1884 αὐταῖς
971 1840 1030 1880 δεῖ
1066 1840 1242 1895 χρῆσθαι
1279 1839 1513 1894 ἀσκητέον
1550 1839 1597 1894 (l.
1621 1854 1654 1881 c.
1685 1838 1888 1892 111‚28).

252 1914 320 1956 Nil
355 1915 451 1956 boni
483 1914 670 1957 homines
701 1915 790 1956 sine
822 1927 971 1969 magno
1003 1914 1145 1957 labore
1177 1915 1372 1970 consequi
1405 1928 1524 1970 posse
1556 1929 1650 1956 cum
1680 1914 1774 1956 aliis
1795 1921 1883 1956 tum

252 1989 446 2045 exemplo
477 1989 754 2044 agriculturae
780 1989 974 2032 Prodicus
1005 1990 1264 2032 demonstrat
1293 1990 1341 2043 (l.
1363 1990 1437 2044 c.):
1470 1989 1548 2031 εἴτε
1578 1993 1649 2044 γῆν
1673 1989 1802 2045 βούλει
1826 2003 1887 2031 σοι

249 2065 423 2120 καρποὺς
467 2065 666 2119 ἀφθόνους
712 2064 865 2120 φέρειν,
911 2066 980 2120 τὴν
1025 2068 1097 2120 γῆν
1138 2065 1415 2121 θεραπευτέον.
1480 2066 1583 2107 Item
1623 2065 1890 2108 Democritus

251 2139 413 2183 labores
449 2140 694 2196 disciplinae
731 2154 825 2182 cum
865 2154 962 2195 agro
1001 2140 1172 2183 colendo
1210 2147 1426 2196 comparat
1460 2141 1530 2194 (fr.
1564 2141 1681 2195 182):
1728 2140 1777 2181 τὰ
1815 2142 1884 2193 μὲν

251 2215 353 2257 καλὰ
374 2217 561 2272 χρήματα
588 2220 669 2262 τοῖς
699 2216 831 2262 πόνοις
861 2218 886 2270 ἡ
921 2217 1092 2270 μάθησις
1123 2216 1440 2271 ἐξεργάζεται,
1472 2218 1520 2258 τὰ
1551 2216 1585 2258 δ’
1615 2216 1760 2272 αἰσχρὰ
1789 2215 1889 2258 ἄνευ

249 2292 379 2334 πόνων
425 2290 627 2345 αὐτόματα
677 2294 938 2347 καρποῦται
988 2286 1069 2333 κτλ.
1139 2292 1228 2334 Hac
1280 2292 1392 2334 enim
1443 2306 1582 2334 rerum
1633 2292 1884 2334 rusticarum

249 2366 545 2418 similitudine,
583 2373 631 2409 ut
668 2367 756 2409 loco
798 2368 1030 2414 communi,
1070 2367 1324 2423 quicumque
1363 2367 1412 2409 de
1444 2368 1606 2409 ratione
1637 2367 1889 2423 disciplinae-

249 2441 427 2496 disserit,
460 2442 521 2485 uti
553 2441 758 2497 solet.¹⁰¹)
818 2441 873 2484 Ut
906 2443 1148 2497 Protagoras
1181 2443 1228 2485 fr.
1255 2444 1326 2485 11:
1367 2441 1492 2484 Nic-let
1522 2443 1664 2498 sprosst
1695 2442 1888 2497 Bildunq

248 2518 295 2558 in
324 2517 397 2559 der
426 2515 548 2570 Sede,
581 2531 697 2559 wenn
726 2532 829 2558 man
858 2517 970 2558 nicht
999 2531 1052 2558 zu
1081 2517 1203 2558 vieler
1228 2515 1344 2571 Tiefe
1372 2517 1526 2558 lcommt
1553 2515 1766 2571 (v01·s0k.²
1796 2517 1834 2559 11
1859 2518 1879 2559 1

249 2607 287 2648 p.
310 2593 506 2647 540‚1·2).
569 2592 684 2635 Idem
722 2592 763 2634 in
804 2592 988 2635 Platonis
1026 2592 1254 2635 Theaeteto
1285 2592 1387 2646 (167
1402 2592 1466 2646 b):
1511 2593 1575 2633 καὶ
1613 2592 1700 2638 τοὺς
1737 2592 1885 2647 σοφοὺς

370 2779 453 2822 ¹⁰⁰⁸)
479 2779 523 2814 cf.
549 2778 775 2827 πολύ-χρονίην
792 2778 936 2825 μελέτην
963 2778 998 2813 in
1020 2778 1130 2813 Eueni
1159 2777 1201 2813 fr.
1220 2779 1253 2823 9,
1272 2778 1365 2823 quod
1392 2789 1433 2813 ex
1461 2778 1567 2814 huius
1586 2780 1670 2814 Arte
1695 2789 1716 2814 a
1734 2779 1882 2814 Platone

248 2838 414 2880 (Phaedr.
434 2838 501 2873 267
511 2841 545 2880 a)
571 2843 844 2873 commemorata
869 2843 1045 2883 sumptum
1074 2848 1149 2873 esse
1169 2838 1324 2874 Dielesio
1351 2838 1492 2873 videtur
1515 2838 1680 2884 (Gorgias
1698 2849 1733 2874 u.
1754 2838 1884 2884 Empe-

249 2897 382 2939 dokles,
410 2896 502 2932 Berl.
528 2896 612 2933 Sitz.
634 2896 710 2931 Ber.
743 2897 827 2932 1884
857 2908 890 2942 p.
909 2897 993 2939 8‚1).

371 2956 427 2999 ¹⁰¹)
454 2956 497 2991 cs.
524 2956 695 3003 Gomperz
723 2957 746 2991 l.
773 2966 803 2991 c.
831 2956 866 2990 1²
891 2955 973 2991 329.
