2170 3412
1016 238 1300 280 -58-

456 352 637 394 Maxime
669 351 941 407 Antiphontis
972 351 1103 393 oratio
1134 351 1427 406 synonymis
1463 350 1704 404 abundat,
1736 365 1819 407 qua
1846 351 1890 393 in
1922 364 1969 394 re

341 427 532 482 Gorgiam
563 427 767 478 imitatur,
789 427 839 468 cf.
864 426 955 468 Hel.
981 427 1046 468 10.
1071 427 1136 468 11.
1163 426 1228 468 17.
1254 425 1318 467 19.
1380 425 1534 468 Eodem
1564 425 1783 468 verborum
1805 431 1970 469 tumore

345 503 516 559 llippias
547 501 777 544 delectatur
807 501 850 543 in
883 501 942 543 Pl.
979 501 1084 543 l’rot.
1118 499 1445 556 337c.sqq.¹¹⁰).

456 577 516 619 Fr.
539 577 595 618 49
627 577 807 631 δαίμονος
841 610 849 618 .
883 609 892 618 .
926 609 935 618 .
969 575 1136 631 πότμου.
1184 600 1238 607 -
1289 578 1524 631 φρονοῦντας
1557 609 1565 617 .
1599 608 1607 618 .
1641 608 1651 618 .
1684 575 1880 622 πνέοντας.
1910 600 1969 608 -

339 652 610 706 ὀλυμπιονῖκαι
640 653 703 693 καὶ
735 651 970 693 πυθιονῖκαι.

454 727 518 769 Fr.
541 728 598 769 50
628 727 804 781 περιττὸν
838 760 846 768 .
880 759 889 768 .
923 760 931 768 .
966 726 1064 781 μέγα
1097 759 1104 767 .
1140 759 1148 768 .
1182 725 1334 778 σεμνόν.
1373 749 1427 756 —
1473 725 1617 782 σμικρὰ
1648 758 1658 768 .
1690 759 1699 768 .
1733 725 1881 780 ἀσθενῆ
1913 758 1923 768 .
1957 759 1968 768 .

338 802 599 858 ὀλιγοχρόνια.

453 877 515 920 Fr.
539 878 593 919 53
625 876 876 932 ἐργαζόμενοι
907 878 972 918 καὶ
1003 875 1226 931 φειδόμενοι
1255 877 1319 918 καὶ
1350 879 1683 932 ταλαιπωροῦντες
1720 877 1783 919 καὶ
1819 890 1970 932 προστι-

338 953 471 997 θέντες
503 967 597 995 cum
629 952 827 995 chiasmo.
859 976 915 983 —
946 952 1200 1007 ἀφαιροῦντες
1232 983 1242 993 .
1275 985 1283 993 .
1317 953 1381 993 καὶ
1411 954 1622 1008 χρώμενοι.

453 1028 517 1070 Fr.
540 1029 596 1071 56
626 1028 859 1082 θρασύνεται
888 1028 953 1069 καὶ
984 1031 1040 1083 τῷ
1074 1027 1202 1069 θέλειν
1234 1026 1390 1081 ἐπείγει.

451 1103 515 1145 Fr.
539 1103 595 1145 58
627 1107 779 1158 κρατεῖν
812 1136 821 1145 .
856 1136 865 1145 .
899 1103 963 1144 καὶ
995 1106 1116 1146 νικᾶν.

452 1178 515 1220 Fr.
538 1178 593 1221 59
625 1183 702 1220 τῶν
740 1179 916 1234 αἰσχρῶν
955 1178 979 1233 ἢ
1018 1181 1095 1220 τῶν
1132 1181 1265 1220 κακῶν
1303 1179 1402 1233 μήτε
1438 1178 1666 1234 ἐπεθύμησε
1698 1178 1798 1233 μήτε
1826 1179 1971 1234 ἥψατο.

450 1253 513 1296 Fr.
537 1253 594 1295 60
625 1256 674 1308 ζῇ
708 1287 716 1295 .
752 1287 760 1295 .
792 1255 855 1295 καὶ
887 1254 1036 1295 θάλλει.

450 1329 539 1371 Ηοο
577 1329 854 1371 Philostratus
892 1329 1057 1370 notavit
1086 1329 1360 1384 Antiphontis
1395 1328 1445 1371 de
1482 1329 1701 1371 concordia
1736 1329 1969 1372 orationem

335 1403 472 1445 verbis
509 1404 724 1447 abundare
762 1404 928 1459 lateque
963 1418 1005 1446 se
1043 1403 1234 1446 fundere:
1271 1405 1335 1445 καὶ
1366 1404 1414 1445 τὰ
1445 1404 1644 1460 ἀποτάδην
1677 1404 1971 1460 ἑρμηνευόμενα

335 1480 589 1534 παραπλήσια
625 1484 703 1521 τῶν
741 1480 885 1521 πεδίων
921 1483 1000 1525 τοῖς
1041 1479 1143 1523 λεῖος
1180 1480 1247 1530 (V.
1282 1479 1405 1536 Soph.
1440 1479 1456 1521 I
1492 1481 1600 1532 15‚4.
1662 1479 1834 1522 Vorsok.
1868 1477 1966 1529 [ΡΙ

336 1569 374 1609 p.
407 1554 525 1608 597).

451 1629 495 1671 Si
526 1630 711 1672 Blassius
743 1630 950 1685 Gorgiae
981 1631 1170 1686 figuras
1201 1630 1310 1687 apud
1342 1629 1648 1686 Antiphontem
1677 1630 1748 1672 vix
1778 1635 1852 1672 aut
1882 1644 1971 1672 om·

335 1705 435 1746 nino
473 1719 556 1747 non
593 1706 772 1748 inveniri
810 1705 1009 1760 dicitffl),
1057 1706 1180 1761 paulo
1227 1706 1349 1748 aliter
1393 1720 1480 1747 rem
1526 1719 1571 1747 se
1615 1705 1766 1747 habere
1808 1719 1859 1748 ex
1904 1704 1971 1748 his

336 1780 570 1835 intelleges:

450 1856 498 1897 fr.
521 1856 577 1898 49
613 1857 801 1898 δοκοῦντα
845 1856 988 1911 ἡδονὰς
1025 1857 1192 1898 κτᾶσθαι
1244 1856 1367 1900 λύπας
1417 1854 1680 1910 ἅγεσθαιω).
1756 1855 1844 1899 Hoc
1878 1854 1972 1898 loco

336 1930 387 1972 ad
420 1945 547 1972 unam
580 1945 722 1974 omnes
744 1931 996 1974 adhibentur
1016 1933 1188 1987 figurae:
1213 1931 1419 1981 ἀντίθεσις,
1441 1931 1668 1987 παρίσωσις,
1691 1931 1969 1986 παρομοίωσις.

336 2005 417 2048 Sed
450 2006 640 2062 quamvis
677 2007 741 2048 his
778 2007 1019 2060 luminibus,
1063 2014 1111 2049 ut
1148 2008 1306 2063 opinor,
1348 2008 1446 2049 Ant.
1487 2007 1718 2049 orationem
1759 2006 1971 2049 illustrare

334 2081 554 2134 studuerit,
593 2087 734 2124 tamen
772 2083 945 2137 Gorgiae
986 2083 1288 2139 perfectissima
1323 2083 1396 2124 illa
1432 2083 1609 2125 artificia
1645 2096 1728 2124 non
1759 2081 1968 2136 aequavit.

335 2157 442 2199 Nam
482 2162 556 2199 aut
591 2158 706 2200 deest
747 2158 961 2211 ἀντίθεσις,
999 2173 1092 2200 cum
1132 2158 1284 2200 adsunt
1319 2158 1503 2214 reliquae
1540 2158 1707 2212 figurae,
1743 2161 1820 2200 aut
1853 2156 1971 2200 adest

335 2231 421 2284 illa,
453 2246 547 2274 cum
578 2233 696 2275 abest
726 2234 1004 2288 παρομοίωσις.
1065 2234 1267 2288 Exempla
1298 2234 1485 2275 afferam:

451 2309 498 2350 fr.
522 2309 579 2350 54
609 2310 825 2365 χρημάτων
858 2312 1022 2351 πλοῦτον
1054 2311 1287 2365 παρασχών,

607 2387 676 2426 τοῦ
706 2388 860 2440 φρονεῖν
891 2383 970 2440 <δὲ>
1000 2385 1147 2440 πένητα
1178 2385 1356 2439 ποιήσας.

451 2459 514 2501 Fr.
537 2458 593 2502 58
623 2459 664 2501 ἐν
697 2461 766 2514 μὲν
797 2464 853 2516 τῷ
885 2462 1139 2516 γεγεννῆσθαι
1172 2460 1243 2502 οὐκ
1274 2459 1433 2514 ἔνεστιν,

622 2535 662 2576 ἐν
695 2536 739 2577 δὲ
770 2539 827 2591 τῷ
862 2536 1015 2589 μέλλειν
1047 2536 1249 2592 ἐνδέχεται
1280 2535 1339 2591 <τὸ
1370 2536 1434 2577 καὶ
1467 2534 1539 2590 μὴ>
1569 2534 1764 2589 γενέσθαι.

457 2627 511 2670 ¹¹⁰)
538 2628 582 2662 cf.
610 2628 755 2663 Norden
780 2629 803 2664 l.
819 2639 847 2663 c.
875 2640 909 2673 p.
925 2629 981 2663 72.
1031 2629 1082 2663 De
1109 2639 1388 2673 synonymorum
1415 2628 1701 2672 frequentatione
1727 2625 1822 2672 apud
1845 2626 1967 2661 Xeno-

336 2687 505 2730 phontem
532 2687 692 2733 aliosque
721 2688 767 2723 cf.
794 2687 956 2728 Schaoht,
990 2688 1040 2722 De
1066 2687 1319 2732 Xenophontis
1352 2687 1481 2722 studiis
1507 2687 1690 2721 rhetoricis
1717 2685 1825 2726 (Diss.
1851 2685 1969 2720 Berol.

338 2745 443 2789 1890)
470 2757 504 2790 p.
526 2746 569 2780 14
587 2757 663 2791 sqq.

456 2805 512 2845 111)
538 2805 580 2838 A.
609 2805 649 2839 B.
678 2816 710 2849 p.
733 2805 810 2839 112.

454 2864 511 2904 ll2’)
539 2864 694 2908 Tempus
720 2864 889 2902 infinitivi
915 2863 1054 2910 ἄγεσθαι
1081 2875 1242 2909 pugnare
1268 2864 1409 2898 videtur
1435 2874 1511 2898 cum
1531 2862 1729 2909 κεκτῆσθαι,
1756 2862 1820 2898 sed
1844 2862 1967 2897 defen-

336 2921 432 2956 ditur
457 2924 491 2956 et
517 2923 720 2966 symmetria
745 2928 781 2957 et
804 2923 887 2967 ipsa
904 2924 1093 2957 sententia.
1138 2923 1278 2958 Etenim
1296 2922 1440 2957 difficile
1459 2926 1513 2958 est
1530 2922 1683 2956 retinere
1701 2921 1967 2967 possessionem

337 2980 369 3014 ei
396 2981 468 3025 qui,
494 2991 572 3015 cum
601 2981 670 3016 sibi
696 2981 861 3016 videatur
887 2982 1089 3027 voluptates
1116 2993 1251 3027 parere,
1277 2992 1464 3016 aerumnas
1490 2982 1631 3016 ducat.
