2170 3412
915 259 1202 301 —25-

242 372 398 424 Quodsi
429 377 551 415 vetus
581 378 646 415 est
674 372 748 416 illa
778 372 1023 415 concordiae
1055 386 1080 415 a
1110 372 1280 415 civitate
1311 373 1363 415 ad
1395 374 1526 416 animi
1564 380 1702 430 partes
1740 379 1875 417 trans-

240 447 362 501 latio,
407 447 493 490 iam
537 448 644 491 nihil
689 448 886 504 impedit,
931 447 1155 503 quominus
1201 447 1345 490 eadem
1400 448 1455 490 sit
1499 449 1717 505 Antiphon
1762 462 1874 491 usus.

240 523 380 578 Atque
411 522 452 564 id
485 522 645 579 reliqua
674 547 731 553 —
762 537 869 579 quae
900 537 1009 566 nunc
1039 522 1283 566 summatim
1314 523 1588 578 attingemus,
1628 529 1773 580 postea
1810 539 1875 566 ac-

239 597 426 640 curatius
457 598 763 654 explicabimus
793 622 850 629 —
879 598 971 654 ipsa
1002 598 1190 640 indicant
1219 599 1463 654 fragmenta,
1496 613 1518 641 e
1555 599 1709 654 quibus
1747 614 1875 656 appa·

238 672 348 715 rebit
395 673 625 729 sophistam
662 673 843 715 similem
890 672 1101 728 quandam
1145 678 1336 716 secutum
1381 687 1470 716 esse
1507 674 1713 716 rationem
1749 679 1875 729 atque

238 747 536 791 Democritum.

355 823 406 865 In
450 823 497 864 sr.
545 821 601 864 49
646 822 758 864 vitae
809 822 1043 876 molestias,
1091 823 1272 878 coniugii
1324 823 1589 866 incommoda
1641 830 1872 867 enumerat.

234 899 530 953 Quaecumque
575 897 688 940 mala
725 897 906 940 inveniri
942 903 1136 954 possunt,
1175 899 1295 955 quasi
1332 898 1386 940 ad
1422 899 1701 942 accusandam
1740 900 1871 942 vitam

233 986 330 1015 eum
367 972 600 1029 protulisse,
639 973 775 1015 nescio
812 987 866 1015 an
897 987 949 1015 ex
987 974 1035 1015 fr.
1074 974 1127 1015 51
1170 974 1355 1016 conicere
1387 973 1529 1017 liceat:
1562 974 1871 1030 εὐκατηγόρητος

233 1050 311 1093 πᾶς
342 1049 363 1090 ὁ
401 1048 503 1101 βίος,
541 1047 622 1103 <mi
661 1047 699 1103 ὁ)
738 1048 978 1102 θαυμαστῶς
1015 1047 1133 1103 ὧςὸο)
1172 1050 1380 1104 μακάριος,
1419 1051 1483 1091 καὶ
1521 1050 1633 1092 οὐδὲν
1672 1049 1778 1107 ἔχων
1791 1051 1869 1106 ⁵⁰⁸)

234 1124 411 1178 περιττὸν
442 1123 534 1165 οὐδὲ
574 1123 672 1179 μέγα
708 1124 774 1166 καὶ
811 1123 972 1179 σεμνόν,
1011 1123 1111 1166 ἀλλὰ
1148 1125 1272 1166 πάντα
1310 1124 1453 1179 σμικρὰ
1489 1126 1554 1167 καὶ
1591 1126 1769 1182 ἀσθενῆ
1807 1130 1871 1169 καὶ

231 1199 547 1255 ὀλιγοχρόνια
592 1200 656 1242 καὶ
693 1200 1084 1255 ἀναμεμειγμέναι
1126 1200 1295 1246 λύπαις
1333 1202 1575 1254 μεγάλαις.
1644 1202 1728 1244 Nec
1774 1216 1868 1245 vero

233 1274 287 1316 ad
319 1279 451 1317 artem
483 1274 694 1330 quandam
733 1275 1052 1318 consolatoriam
1087 1275 1252 1332 (τέχνην
1290 1276 1495 1330 ἀλυπίας),
1535 1282 1582 1318 ut
1619 1277 1870 1320 Bureschius

232 1348 446 1404 voluit⁶¹),
479 1349 580 1392 haec
609 1350 844 1405 fragmenta
874 1356 974 1393 sunt
1010 1351 1239 1394 referenda.
1301 1351 1410 1394 Nam
1444 1352 1548 1394 satis
1585 1352 1745 1395 incerta
1781 1358 1866 1396 tra-

229 1423 345 1466 ditur
374 1423 498 1467 huius
528 1424 625 1467 libri
657 1425 858 1467 memoria
871 1423 936 1479 ⁵²),
969 1439 1093 1480 quem
1115 1425 1285 1469 omnino
1307 1426 1501 1481 ignorant
1521 1427 1803 1482 Hermogenes
1817 1427 1868 1483 ⁵⁸)

229 1503 272 1542 et
302 1498 592 1542 Philostratus.
653 1486 836 1550 Quorum
870 1500 920 1542 de
950 1501 1225 1558 Antiphontis
1256 1501 1421 1544 dicendi
1453 1516 1600 1557 genere
1631 1502 1788 1546 iudicia
1815 1503 1866 1545 ad

225 1573 355 1617 libros
387 1573 482 1629 Περὶ
514 1575 702 1630 ἀληθείας
725 1581 767 1617 et
806 1574 898 1630 Περὶ
936 1576 1118 1628 ὁμονοίας
1155 1578 1377 1633 pertinent.
1441 1578 1580 1633 Atque
1618 1578 1660 1620 id
1707 1579 1865 1635 ipsum,

227 1649 338 1705 quod
371 1650 582 1706 proprium
615 1664 704 1693 esse
735 1650 830 1693 libri
864 1650 958 1707 Περὶ
991 1652 1173 1705 ὁμονοίας
1214 1652 1490 1695 Philostratus
1529 1653 1644 1707 dicit,
1684 1654 1727 1696 in
1766 1655 1866 1697 haec

230 1723 345 1766 cadit
374 1724 625 1780 fragmenta:
658 1728 990 1781 σοφιστικώτατος
1021 1728 1064 1768 δὲ
1095 1728 1115 1768 ὁ
1142 1722 1268 1783 “Υπὲρ
1299 1731 1369 1782 τῆς
1400 1728 1582 1783 ὁμονοίας
1611 1728 1687 1784 (sc.
1720 1730 1867 1785 λόγος),

226 1798 269 1840 ἐν
299 1796 334 1855 ᾧ
378 1800 638 1854 γνωμολογίαι
674 1816 716 1842 τε
753 1802 927 1857 λαμπραὶ
964 1803 1028 1844 καὶ
1065 1801 1273 1858 φιλόσοφοι
1311 1807 1433 1859 σεμνή
1472 1819 1512 1845 τε
1550 1804 1763 1859 ἀπαγγελία
1802 1806 1866 1847 καὶ

232 1873 501 1930 ἐπηνθισμένη
533 1879 747 1931 ποιητικοῖς
778 1876 943 1929 ὀνόμασι
974 1879 1055 1919 κτλ.
1071 1877 1137 1932 ⁵⁴).
1198 1878 1280 1921 Sed
1312 1878 1363 1921 de
1395 1879 1594 1922 orationis
1632 1880 1866 1934 granditate

227 1955 382 2006 postea.
446 1951 553 2002 Quid
585 1956 724 1993 autem
757 1952 973 2008 Antiphon
1007 1953 1246 1996 hominibus
1284 1954 1326 1996 in
1366 1954 1443 1998 hac
1473 1961 1592 1998 tanta
1623 1969 1763 1998 rerum
1794 1956 1866 1999 hu-

230 2038 448 2067 manarum
477 2026 702 2081 fragilitate
724 2032 765 2069 et
786 2027 1028 2070 infirmitate
1051 2028 1287 2071 faciendum
1309 2042 1396 2071 esse
1419 2035 1552 2084 putat,
1584 2036 1631 2072 ut
1658 2036 1862 2086 quantum

223 2100 311 2142 fieri
343 2101 472 2156 possit
505 2101 622 2144 beate
654 2102 823 2144 vivant?
887 2102 1179 2146 Duemmlerus
1213 2118 1310 2146 eum
1342 2105 1522 2147 miseriis
1559 2105 1670 2148 vitae
1709 2106 1862 2149 adduc-

223 2239 338 2279 αὐτοῖς
369 2241 603 2288 μοναρχίαν
637 2240 737 2275 νόσου
769 2241 949 2287 ποιητικήν
981 2241 1167 2283 (Vorsok.²
1195 2242 1209 2277 I
1247 2243 1288 2277 14
1316 2242 1343 2277 B
1369 2243 1390 2278 4
1423 2255 1458 2290 p.
1480 2243 1610 2288 104,4).
1668 2245 1726 2280 Sic
1758 2245 1860 2281 Plato

226 2299 460 2335 similitudine
487 2300 536 2335 rei
562 2299 726 2345 publicae
754 2302 880 2345 utitur,
911 2307 951 2336 ut
977 2293 1194 2347 etcorporis
1221 2307 1254 2337 et
1279 2303 1389 2338 animi
1416 2304 1654 2340 valetudinem
1682 2305 1861 2341 describat

223 2359 326 2403 (Rep.
352 2358 465 2401 444d,
496 2358 538 2394 cf.
574 2370 663 2404 quae
697 2359 954 2404 Eryximachus
987 2361 1135 2404 exponit
1166 2361 1203 2395 in
1235 2360 1356 2406 Symp.
1393 2362 1512 2404 186⁶).
1574 2363 1661 2398 Nam
1694 2365 1859 2400 virtutem

227 2415 355 2450 bonam
380 2417 488 2451 animi
514 2417 768 2461 valetudinem,
800 2429 892 2463 quae
919 2418 1109 2453 concordia
1141 2420 1293 2464 partium
1328 2422 1565 2465 contineatur,
1597 2422 1858 2467 improbitatem

225 2474 384 2510 morbum
417 2485 508 2519 esse,
538 2486 629 2522 quae
661 2487 704 2512 ex
731 2476 910 2512 discordia
941 2478 1093 2522 partium
1127 2478 1274 2522 oriatur,
1307 2479 1409 2515 docet
1445 2481 1532 2526 Rep.
1557 2482 1656 2516 4441>
1671 2493 1723 2528 sq.
1751 2482 1859 2518 352⁸.

226 2533 314 2569 Item
336 2534 517 2580 Epicurus,
543 2535 575 2570 si
599 2536 758 2581 corporis
785 2537 915 2571 morbis
942 2537 1035 2571 vitae
1062 2537 1266 2573 iucunditas
1291 2539 1516 2584 impediatur,
1542 2551 1584 2575 eo
1613 2541 1725 2587 magis
1751 2542 1859 2577 animi

226 2592 356 2627 morbis
395 2603 470 2627 eam
509 2593 686 2639 impediri,
725 2595 836 2629 animi
870 2598 986 2630 autem
1021 2596 1161 2631 morbos
1194 2597 1407 2641 cupiditates
1443 2608 1522 2634 esse
1560 2599 1658 2642 dicit,
1697 2611 1788 2645 quse
1822 2601 1859 2635 in

224 2651 351 2687 animis
376 2651 535 2687 inclusae
561 2652 654 2687 inter
679 2663 717 2688 se
742 2652 947 2688 discordent
972 2653 1029 2695 (cf.
1057 2653 1128 2688 Cic.
1156 2655 1199 2690 de
1225 2654 1285 2690 fin.
1312 2655 1325 2690 1
1357 2655 1469 2699 18,59.
1500 2657 1624 2699 13‚44).

344 2709 387 2753 ⁸⁰)
415 2709 608 2746 Dialesiusz
636 2710 683 2750 ὡς
710 2713 887 2758 [μακάριε]
916 2712 1087 2755 Blassius,
1114 2712 1320 2759 θαυμαστῶς
1347 2715 1376 2749 ὢ
1408 2717 1553 2764 μακάριε
1579 2716 1682 2752 codd.

341 2767 375 2791 ⁶⁰
387 2771 419 2811 ⁸)
444 2769 515 2818 ἔχει
540 2770 692 2806 coniecit
717 2771 1019 2807 Wilamowitzius.

341 2826 387 2871 ⁶¹)
414 2828 436 2863 1.
455 2839 485 2864 c.
513 2840 549 2874 p.
566 2829 624 2865 83.

341 2885 387 2930 ⁸²)
414 2886 539 2931 [plut]
567 2888 638 2924 vit.
664 2889 698 2924 X
725 2893 813 2925 orat.
843 2890 858 2925 1
889 2900 924 2935 p.
943 2889 1050 2925 8330.
1102 2891 1250 2927 Vorsok.
1275 2891 1322 2928 80
1347 2894 1377 2927 A
1404 2894 1424 2928 6
1451 2893 1622 2937 (59031).

345 2943 388 2988 ⁶¹)
416 2945 581 2992 Ilermog.
607 2946 651 2983 de
678 2947 769 2983 ideis
795 2947 826 2983 11
858 2948 946 2990 11‚7.
961 2949 992 2983 9.
1047 2949 1193 2984 Vorsok.
1219 2949 1265 2985 80
1291 2952 1320 2986 Α
1349 2951 1370 2986 2
1397 2951 1565 2995 (587,20).

345 3003 388 3048 ⁵⁴)
416 3004 458 3039 V.
484 3004 592 3051 Soph.
621 3005 634 3040 1
665 3006 754 3050 15‚4.
805 3006 955 3042 Vorsok.
981 3007 1028 3043 80
1054 3007 1082 3043 Β
1107 3009 1181 3043 4422
1206 3008 1377 3055 (597‚19).
