2170 3412
1002 249 1286 292 -63-

330 380 468 407 rarum
500 379 576 407 usu
609 365 892 419 conturbatur,
926 369 973 406 ut
1005 365 1046 406 in
1080 365 1126 407 sr.
1159 364 1216 406 58
1248 364 1349 418 loco,
1382 378 1506 420 quem
1536 379 1662 421 supra
1693 366 1960 423 exposuimus

334 441 554 495 (δειμαίνει,
587 440 642 494 μὴ
675 439 699 480 ἂ
732 439 839 481 θέλει
871 443 1030 494 ποιῆσαι
1051 440 1167 494 κτλ),
1199 445 1240 482 et
1263 440 1302 481 in
1327 442 1375 482 sr.
1397 440 1468 493 49,
1500 440 1570 482 ubi
1591 454 1686 483 cum
1708 441 1758 483 de
1780 441 1959 485 divortio

331 515 479 569 agitur,
514 514 639 556 verba
660 513 762 556 adeo
786 514 960 569 abrupte
983 514 1212 570 composita
1233 519 1344 567 suut,
1376 520 1423 556 ut
1443 528 1608 556 sensum
1633 515 1701 557 vix
1724 515 1960 571 intellegere

333 589 471 644 possis.
524 589 606 630 'Nec
628 601 724 630 vcro
747 591 858 630 recte
879 587 1082 630 iudicavit
1102 588 1332 641 Jacobsius,
1355 587 1463 643 quod
1487 587 1800 631 dissolutionem
1821 595 1960 633 sustu-

334 663 382 705 lit
413 664 476 705 καὶ
509 666 601 719 post
632 662 832 716 ἐκπομπαί
859 661 1124 718 interposito:
1158 663 1328 718 χαλεπαὶ
1361 662 1430 717 μὲν
1462 662 1672 717 ἐκπομπαί,
1702 663 1792 709 τοὺς
1827 664 1962 719 φίλους

332 737 502 794 ἐχθροὺς
532 740 694 791 ποιῆσαι
724 738 822 789 κτλ.,
856 750 989 791 neque
1022 735 1227 779 Dielesius
1258 736 1538 779 coniecturam
1569 738 1707 779 δοκοῦν
1738 752 1780 779 τε
1802 751 1874 794 pro
1895 739 1962 781 δο-

330 815 472 854 κοῦντα
504 812 547 853 in
581 811 712 853 altera
742 810 926 853 editione
958 810 1148 853 retinuit:
1182 811 1355 867 χαλεπὸν
1388 811 1431 853 δὲ
1470 812 1685 867 κεκτῆσθαι
1723 814 1855 867 κτῆμα
1890 827 1963 855 τοι·

330 889 458 936 οῦτον,
493 887 681 927 δοκοῦντα
712 884 854 940 ἡδονὰς
891 885 1059 926 κτᾶσθαι
1090 884 1212 931 λύπας
1243 883 1421 940 ἄγεσθαι.
1492 885 1598 928 Nam
1638 886 1728 942 ipsa
1757 886 1962 943 composi-

335 960 460 1002 tionis
499 959 743 1015 symmetria
782 959 882 1001 haec
920 958 1124 1015 asyndeta
1162 960 1353 1014 quamvis
1390 959 1495 1003 dura
1538 959 1581 1003 in
1629 964 1719 1002 tuto
1761 959 1964 1004 collocata

332 1039 443 1077 sunt.
505 1033 615 1076 Sane
646 1033 883 1089 exemplum
906 1032 983 1075 hoc
1005 1038 1068 1076 est
1089 1033 1176 1076 eius
1198 1033 1305 1086 vitii,
1338 1033 1447 1089 quod
1469 1033 1751 1088 Hermogenes
1773 1033 1816 1077 in
1839 1033 1961 1077 Anti-

332 1109 485 1164 phonte
523 1107 806 1163 reprehendit:
852 1107 916 1150 καὶ
949 1108 1172 1164 περιβάλλει
1210 1108 1253 1149 δὲ
1292 1108 1416 1164 χωρὶς
1447 1107 1672 1164 εὐκρινείας,
1704 1107 1763 1150 διὸ
1792 1109 1856 1150 καὶ
1878 1122 1963 1164 συγ·

332 1186 400 1239 χεῖ
427 1183 492 1225 τὸν
524 1182 639 1237 λόγον
671 1183 735 1224 καὶ
765 1181 868 1223 ἔστιν
901 1181 1058 1237 ἀσαφὴς
1090 1181 1137 1223 τὰ
1168 1183 1305 1223 πολλά.

446 1257 626 1299 Omnino
666 1260 807 1298 autem
840 1255 1168 1310 Hermogenis
1198 1256 1440 1298 iudicium
1473 1256 1523 1298 ad
1557 1270 1606 1299 ea
1636 1255 1826 1312 quadrat,
1859 1270 1966 1312 quae

333 1333 382 1374 de
418 1330 692 1388 Antiphontis
728 1329 936 1372 scribendi
973 1330 1134 1372 ratione
1175 1344 1227 1372 ex
1265 1330 1365 1386 ipsis
1402 1330 1644 1385 fragmentis
1681 1330 1964 1385 cognovimus.

333 1406 517 1462 Opponit
554 1404 665 1447 enim
704 1404 775 1446 ille
815 1404 969 1446 oratori
1006 1403 1264 1446 Rhamnusio
1302 1404 1556 1460 sophistam:
1609 1404 1630 1446 ὁ
1670 1400 1702 1446 δ’
1731 1405 1862 1461 ἕτερος
1888 1404 1964 1461 Ἀ.,

332 1480 452 1535 οὗπερ
483 1480 518 1521 οἱ
549 1483 619 1535 τῆς
646 1478 856 1535 Ἀληθείας
889 1479 963 1520 εἰσὶ
994 1478 1196 1534 λεγόμενοι
1234 1480 1355 1533 λόγοι,
1393 1479 1588 1525 πολιτικὸς
1616 1479 1685 1533 μὲν
1708 1480 1850 1535 ἥκιστά
1869 1480 1965 1533 ἐστι,

335 1555 474 1609 σεμνὸς
504 1555 547 1596 δὲ
576 1555 640 1596 καὶ
671 1553 883 1610 ὑπέρογκος
913 1557 992 1599 τοῖς
1024 1569 1066 1595 τε
1097 1553 1227 1598 ἄλλοις
1264 1554 1328 1595 καὶ
1364 1557 1419 1609 τῷ
1458 1552 1506 1596 δι’
1546 1555 1806 1610 ἀποφάνσεων
1838 1554 1966 1611 nepai·

331 1645 406 1671 νειν
439 1629 481 1670 τὸ
513 1631 602 1682 πᾶν,
635 1627 655 1669 ὃ
693 1629 741 1683 δὴ
774 1630 841 1670 τοῦ
873 1628 1132 1683 dempta-uxo&
1163 1627 1281 1683 λόγου
1313 1628 1394 1670 ἐστὶ
1426 1628 1491 1670 καὶ
1522 1629 1617 1684 πρὸς
1649 1628 1815 1684 μέγεθος
1842 1629 1965 1685 ὁρῶν-

333 1719 410 1758 τος,
442 1703 591 1759 ὑψηλὸς
622 1703 664 1744 δὲ
696 1706 744 1757 τῇ
776 1702 874 1748 λέξει
905 1703 967 1745 καὶ
999 1702 1158 1759 τραχύς,
1192 1703 1294 1744 ὥστε
1331 1703 1395 1744 καὶ
1439 1703 1492 1757 μὴ
1535 1703 1668 1759 πόρρω
1707 1701 1967 1759 σκληρότητος

333 1777 442 1820 εἶναι.
530 1778 588 1820 Cf.
626 1776 818 1819 Philostr.
863 1777 913 1819 V.
956 1776 1080 1833 Soph.
1119 1777 1138 1819 I
1168 1777 1266 1832 15,4
1303 1779 1359 1828 (v.
1391 1791 1516 1832 supra
1555 1791 1592 1833 p.
1624 1777 1692 1819 25.
1715 1777 1802 1830 58).
1876 1777 1967 1820 Iam

334 1866 471 1907 nemo,
505 1852 576 1908 qui
607 1851 709 1893 haec
730 1851 987 1907 comprobat,
1020 1850 1198 1893 eundem
1223 1851 1529 1906 Antiphontem
1551 1856 1745 1907 excerpta
1765 1851 1839 1894 illa
1860 1852 1968 1894 Iam-

337 1925 462 1969 blichi
494 1924 782 1981 conscripsisse
814 1924 991 1981 putabit.
1052 1928 1278 1967 Auctorem
1311 1925 1422 1967 enim
1454 1924 1572 1967 illum
1606 1939 1681 1968 nec
1710 1924 1861 1968 humili
1893 1939 1968 1969 nec

336 2000 460 2056 nimis
492 2000 600 2042 elato
632 2013 780 2054 genere
810 1999 1014 2042 sermonis
1043 1999 1108 2042 uti
1140 2004 1266 2056 atque
1288 1999 1497 2055 eleganter
1527 2004 1569 2042 et
1597 2000 1815 2056 perspicue
1852 2000 1968 2057 loqui

337 2075 564 2131 Toepferus
596 2073 834 2116 accuratius
874 2072 1164 2130 exposuit¹³²).
1231 2073 1472 2117 Similitudo
1522 2079 1662 2116 autem
1704 2079 1746 2117 et
1787 2074 1968 2118 vocabu-

336 2151 472 2193 lorum
509 2153 550 2192 et
587 2150 910 2206 sententiarum,
949 2165 1056 2206 quae
1093 2150 1301 2193 Blassium
1341 2150 1492 2204 movit,
1531 2150 1636 2192 nihil
1673 2149 1797 2193 valet.
1868 2150 1969 2201 Quis

338 2227 451 2268 enim
482 2225 622 2268 hocin
653 2225 898 2280 aequalibus
929 2226 1017 2268 fieri
1049 2225 1252 2269 miretur?
1317 2226 1504 2268 Profecto
1546 2226 1687 2268 eadem
1727 2230 1789 2268 est
1822 2226 1968 2268 simili-

339 2302 439 2344 tudo
477 2301 587 2344 inter
623 2301 910 2357 Thucydidem
947 2306 988 2344 et
1026 2302 1126 2344 Ant.
1162 2301 1404 2358 sophistam.
1483 2301 1627 2356 Neque
1666 2302 1967 2357 Hermogenem

339 2378 416 2420 hoc
446 2375 634 2432 fugit¹³³)
665 2381 706 2419 et
726 2377 861 2420 multa
890 2377 1012 2420 facile
1044 2377 1279 2419 enumerari
1301 2381 1489 2433 possunt,
1520 2391 1627 2432 quae
1648 2377 1865 2434 utriusque
1885 2391 1969 2420 ser·

341 2453 475 2495 monis
506 2457 604 2495 sunt
625 2453 875 2495 communia.
937 2452 1016 2495 Sed
1039 2452 1318 2509 imprudentis
1338 2457 1401 2495 est
1422 2467 1472 2494 ex
1495 2452 1570 2494 hac
1592 2467 1635 2495 re
1657 2452 1847 2507 colligere
1868 2453 1968 2496 Ant.

341 2529 571 2585 sophistam
602 2527 857 2583 Thucydidis
878 2533 1189 2585 praeceptorem
1219 2526 1441 2582 fuisse¹³⁴),
1481 2531 1557 2570 etsi
1597 2528 1717 2584 plura
1752 2528 1861 2571 inter
1894 2528 1970 2571 hos

341 2603 497 2647 similia
527 2617 616 2646 esse
647 2603 824 2646 concedo
842 2603 909 2657 ¹³⁵)
940 2618 1067 2660 quam
1097 2604 1207 2647 inter
1236 2604 1336 2646 Ant.
1369 2607 1574 2646 oratorem
1606 2608 1648 2646 et
1668 2603 1968 2660 Thucydidem,

343 2694 466 2736 quem
500 2679 705 2721 Caecilius
735 2679 850 2722 illius
882 2679 1135 2736 discipulum
1166 2679 1294 2722 fuisse
1323 2679 1512 2722 coniecit.
1573 2680 1634 2722 Ac
1666 2679 1768 2722 mihi
1799 2679 1968 2735 quidem

466 2819 520 2859 ¹³²)
547 2818 570 2853 l.
589 2829 619 2854 c.
644 2830 679 2863 p.
698 2819 742 2854 36
758 2829 834 2864 sqq.

466 2877 521 2919 ¹³³)
549 2877 592 2913 de
618 2877 666 2912 id.
693 2877 725 2911 11
755 2878 830 2921 11,7
857 2878 1021 2921 (Vorsok.
1047 2878 1093 2913 80
1118 2878 1149 2912 Α
1176 2877 1196 2912 2
1223 2889 1256 2923 p.
1275 2877 1426 2921 588,42).

466 2936 522 2978 ¹³⁴)
548 2936 592 2971 cf.
619 2936 777 2971 Buresch
803 2936 826 2971 l.
845 2947 873 2972 c.
899 2947 934 2981 p.
952 2936 997 2972 87
1012 2947 1065 2982 sq.

467 2995 522 3037 ¹³⁵)
548 2995 591 3031 cf.
618 2995 784 3044 Hermog.
811 2996 833 3031 l.
853 3007 895 3040 c.,
922 2996 1066 3032 Norden
1091 2995 1114 3031 l.
1133 3007 1161 3031 c.
1189 3006 1222 3041 p.
1242 2994 1286 3030 97
1313 2995 1396 3030 adn.
1418 2996 1447 3030 1.
