2170 3412
881 243 1168 287 „57-

206 359 389 414 XXIII).
449 359 532 403 Sed
560 359 685 403 aliter
715 359 766 402 de
797 359 976 403 aliorum
1006 357 1303 402 vocabulorum
1335 355 1487 413 plurali
1518 355 1678 412 poetico
1710 369 1774 397 res
1795 368 1840 398 se

208 433 346 487 habet,
381 448 417 477 e.
448 449 486 490 g.
517 435 648 489 γάμοι,
685 435 864 488 δώματα,
900 433 1005 486 τόξα,
1042 434 1210 490 ἅρματα.
1286 431 1347 475 cf.
1378 429 1516 483 Maass,
1549 430 1674 472 Arch.
1706 429 1734 471 f.
1767 428 1838 471 lat.

209 509 418 564 Lexicogr.
440 509 535 562 XII,
565 508 752 565 481sqq.
814 509 880 552 Ab
913 509 989 552 hoc
1019 516 1160 551 autem
1191 505 1469 550 secernendus
1492 505 1695 560 generalis
1716 518 1839 560 quem

207 589 360 627 vocant
403 584 590 641 pluralis,
634 583 707 626 sed
751 584 902 626 similis
948 591 1011 626 est
1055 583 1118 626 illi
1162 583 1359 638 (ἱδρῶτες,
1404 581 1581 634 αἵματα).
1643 579 1751 622 Nam
1795 579 1840 621 in

210 667 435 715 utrumque
471 659 710 702 Aristotelis
746 659 854 701 illud
892 659 1040 702 cadere
1077 659 1180 701 mibi
1215 654 1483 711 videtur¹⁰⁹):
1529 656 1584 701 εἰς
1620 653 1734 709 ὄγκον
1770 656 1841 709 τῆς

208 734 351 780 λέξεως
380 735 645 790 συμβάλλεται
677 767 686 776 .
719 767 729 777 .
764 767 773 776 .
805 735 849 776 τὸ
880 734 922 776 ἓν
952 734 1078 776 πολλὰ
1109 736 1247 786 ποιεῖν,
1284 732 1381 788 ὅπερ
1410 733 1448 774 οἱ
1478 731 1634 787 ποιηταὶ
1665 732 1841 772 ποιοῦσιν

206 810 350 865 (Rhet.
385 809 415 852 Γ
444 810 503 864 6).
564 809 655 855 τοὺς
684 809 826 865 φίλους
858 810 964 866 plur.
997 809 1232 866 generalem
1263 807 1316 851 ad
1353 821 1524 851 uxorem
1555 806 1698 849 referri
1730 805 1841 858 licet,

206 886 260 928 cf.
282 885 429 928 Aesch.
454 886 530 939 Ag.
555 885 667 927 1236
691 883 793 940 Ἀρη
813 885 946 940 φίλοις
976 885 1168 927 πνέουσαν
1200 883 1251 927 de
1281 883 1446 936 marito,
1468 882 1594 939 Soph.
1617 881 1663 925 Ο.
1688 881 1734 924 R.
1757 880 1842 923 366

209 960 277 1003 σὺν
308 963 389 1006 τοῖς
418 962 616 1015 φιλτάτοις
646 960 672 1003 i.
706 974 740 1003 e.
773 964 822 1016 τῇ
855 962 985 1016 μητρί,
1017 961 1068 1003 of.
1093 960 1206 1004 1184
1226 959 1289 1006 Εὺν
1311 962 1383 1011 οἷς,
1408 958 1519 1001 1359
1549 958 1604 999 ὢν
1635 955 1731 1014 ἔφυν
1763 956 1841 999 ἄπο

206 1035 259 1078 de
288 1035 377 1079 sola
407 1041 552 1078 matre.

309 1111 496 1165 ,Etiamsi
531 1110 785 1166 singularem
822 1124 1001 1166 quoque,
1038 1125 1133 1153 cum
1170 1109 1419 1165 generaliter
1464 1109 1664 1165 loquitur,
1705 1108 1842 1151 dicere

208 1191 356 1242 potest,
389 1186 594 1243 pluralem
624 1187 818 1242 praefert,
850 1187 900 1228 cf.
933 1186 1104 1242 χαλεπαὶ
1135 1186 1205 1239 μὲν
1236 1185 1448 1238 ἐκπομπαί.

323 1261 533 1304 Nomina
585 1261 807 1303 verbalia
859 1275 1174 1317 nonnumquam
1234 1261 1352 1317 ponit
1400 1275 1483 1317 pro
1543 1260 1726 1302 verbis:
1788 1261 1842 1305 ὡς

207 1336 397 1392 ἐλάχιστα
426 1336 500 1392 γὰρ
531 1336 571 1378 ἐν
603 1337 810 1392 σεμνότητι
841 1338 902 1379 δεῖ
936 1338 1114 1393 χρῆσθαι
1144 1339 1225 1381 τοῖς
1256 1336 1437 1392 ῥήμασιν,
1476 1337 1609 1391 ὥσπερ
1641 1335 1662 1377 ὁ
1693 1333 1843 1376 Θουκυ·

206 1411 317 1467 δίδης
352 1412 568 1467 (Hermog.
602 1410 649 1454 Π.
683 1412 812 1453 ἰδεῶν.
845 1412 915 1468 Sp.
948 1426 987 1468 p.
1019 1412 1138 1466 292).
1207 1411 1269 1453 Im
1301 1409 1615 1454 substantivum
1643 1410 1742 1465 Iieqt
1767 1410 1843 1451 das

208 1486 506 1543 Reqelmdstiye,
544 1487 785 1540 Dauemde,
822 1489 882 1528 im
931 1486 1104 1529 Verbum
1147 1501 1232 1528 nur
1273 1486 1347 1528 dm·
1388 1485 1608 1542 einmalv'qe
1651 1484 1843 1542 Voryany

206 1561 357 1617 (Diels,
391 1562 498 1605 Berl.
531 1562 631 1605 Sitz.
666 1563 758 1605 Ber.
791 1562 900 1604 1901
934 1577 972 1619 p.
999 1562 1183 1618 19lsq.).

323 1637 388 1680 Fr.
410 1637 466 1680 49
497 1638 667 1694 χαλεπαὶ
700 1638 770 1691 μὲν
802 1637 1001 1692 ἐκπομπαὶ
1035 1651 1106 1693 pro
1137 1637 1314 1693 χαλεπὸν
1347 1637 1418 1691 μὲν
1449 1635 1674 1689 ἐκπέμπειν.

321 1712 419 1769 ὑπὲρ
449 1715 518 1755 τοῦ
547 1711 637 1755 καθ’
674 1712 824 1768 ἡμέραν
862 1713 945 1769 βίου
978 1713 1016 1758 ἐς
1053 1714 1122 1767 τὴν
1153 1712 1342 1767 Ευλλογήν
1374 1711 1510 1754 dicere
1538 1711 1690 1754 maluit
1717 1725 1843 1767 quam

206 1787 307 1843 ὑπὲρ
338 1790 406 1830 τοῦ
438 1788 698 1843 συλλέγεσθαι
726 1789 792 1830 τὸν
823 1788 916 1830 καθ’
948 1789 1018 1843 ἢμ.
1053 1787 1134 1843 βίον
1165 1787 1236 1842 (cf.
1271 1787 1330 1830 Pl.
1364 1787 1457 1842 Leg.
1490 1786 1642 1839 936b),
1675 1793 1724 1829 ut
1756 1801 1844 1829 mos

205 1869 273 1907 est
317 1863 503 1919 Gorgiae,
551 1865 652 1907 Ant.
699 1864 791 1916 Rh„
829 1863 960 1906 Thuc.
997 1864 1068 1917 (cf.
1104 1862 1288 1905 Wolcott
1324 1862 1351 1904 l.
1384 1877 1418 1904 c.
1453 1876 1490 1918 p.
1526 1862 1705 1919 116aqq.
1742 1862 1844 1916 143)

208 1938 448 1982 nominibus
493 1953 566 1996 pro
613 1939 749 1982 verbis
789 1939 864 1981 uti.
926 1939 1017 1989 Qua
1062 1939 1106 1981 in
1151 1952 1195 1980 re
1238 1938 1460 1994 scriptores
1504 1937 1661 1980 saeculi
1707 1938 1845 1993 quinti

207 2014 439 2071 principem
486 2014 610 2057 huius
655 2013 968 2057 consuetudinis
1011 2019 1223 2056 auctorem
1267 2012 1523 2055 Heraclitum
1565 2018 1727 2055 secutos
1757 2027 1844 2056 esse

208 2089 415 2132 Dielesius
445 2089 750 2132 demonstravit
778 2089 827 2142 (l.
860 2089 927 2144 c.).
992 2088 1043 2130 In
1077 2089 1225 2131 diesem
1260 2087 1550 2130 allmdlzlichen
1588 2087 1846 2143 Vordrinqen

204 2164 279 2206 der·
312 2164 676 2207 mbstantivischen
711 2171 811 2206 εὐαέι
845 2165 918 2206 der
953 2163 1140 2206 vet-halen
1185 2162 1399 2219 Wenduny
1435 2162 1726 2205 untersclzenkiet
1758 2162 1846 2205 sich.

206 2240 273 2282 die
303 2239 435 2282 Ρνοεα
464 2254 543 2282 von
571 2241 645 2282 der
676 2239 812 2282 Poesie
844 2273 852 2281 .
887 2272 895 2281 .
930 2272 939 2281 .
973 2273 982 2281 .
1045 2238 1137 2280 Das
1180 2238 1350 2280 Verbum
1380 2237 1601 2280 bezeichnet
1627 2239 1706 2280 den
1741 2237 1843 2280 Vor-

203 2329 318 2371 qanq
349 2347 358 2356 .
391 2347 402 2358 .
432 2316 493 2357 im
524 2314 816 2371 Allqenaeinem
848 2314 924 2355 das
946 2312 1260 2356 substantivum
1286 2313 1402 2359 fficirt
1428 2314 1494 2355 die
1519 2313 1727 2369 typi-sehon
1754 2312 1843 2355 Zu-

205 2390 363 2443 scande,
382 2389 497 2445 jener
526 2390 634 2431 wrird
660 2397 830 2442 conc-ret,
860 2389 938 2430 das
967 2387 1280 2431 substantivum
1310 2388 1490 2430 abstract
1510 2388 1771 2444 anqeackaut.
1790 2414 1839 2421 —-—

208 2465 320 2507 Satis
355 2464 522 2508 videtur
559 2465 696 2508 dicere
731 2465 829 2520 ὑπὲρ
865 2466 934 2506 τοῦ
980 2462 1073 2505 καθ’
1121 2465 1189 2519 ἡμ.
1230 2464 1326 2520 βίου.
1394 2464 1530 2515 Quare
1566 2463 1709 2507 delent
1739 2464 1779 2509 ἐς
1808 2479 1842 2506 τ.

207 2539 398 2595 ξυλλογὴν
423 2539 654 2583 Meinekius
675 2545 717 2583 et
738 2540 948 2597 Sauppius
964 2539 1071 2594 ¹⁰⁹¹).
1111 2538 1194 2581 Sed
1209 2538 1384 2582 eandem
1408 2538 1604 2595 loquendi
1626 2538 1844 2581 abundan-

207 2616 313 2658 tiam
345 2615 591 2659 Aristoteles
622 2616 666 2658 in
687 2615 983 2658 Alcidamante
1013 2614 1236 2671 vituperat,
1269 2615 1397 2670 quie.
1420 2628 1456 2669 g.
1481 2628 1563 2657 non
1594 2614 1648 2659 εἰς
1674 2610 1843 2669 Ἴσθμια,

207 2690 282 2733 sed
312 2691 367 2736 εἰς
397 2690 446 2732 τὰ
475 2694 554 2732 τῶν
580 2690 761 2746 Ἰσθμίων
793 2692 1002 2746 πανήγυριν
1035 2690 1160 2742 dicat,
1191 2689 1300 2745 quod
1333 2689 1529 2745 frigidum
1559 2689 1615 2732 sit
1646 2694 1688 2732 et
1711 2689 1843 2747 poeti-

207 2780 306 2809 cum
335 2765 475 2820 (ahot.
511 2765 542 2808 Γ
571 2766 632 2822 3).

331 2870 387 2915 m)
415 2870 529 2906 Aliter
555 2871 726 2906 nannius
753 2870 775 2905 Ι.
794 2880 822 2905 c.
851 2881 885 2916 p.
902 2869 972 2905 492
987 2879 1039 2916 sq.
1064 2869 1145 2905 498.

331 2929 412 2973 ¹⁰⁹⁸)
440 2930 514 2965 noc
538 2930 664 2974 probat
683 2929 989 2973 Wilamowitzius‚
1014 2929 1076 2974 qui
1094 2928 1171 2975 ipse
1188 2939 1330 2975 quoque
1349 2928 1461 2964 haesit
1479 2929 1517 2964 in
1536 2928 1841 2974 praepositionum

209 2988 304 3024 nude
330 2989 592 3034 propositarum
619 2988 886 3034 inaequalitate.
938 2987 980 3023 V.
1000 2998 1034 3034 p.
1052 2987 1097 3023 64
1123 2986 1206 3023 adn.
1228 2987 1332 3023 120⁸.
