2170 3412
896 244 1183 287 „53-

221 362 467 421 Spengelius
497 361 651 404 oratori
688 360 944 404 Rhamnusio
992 358 1214 415 adscripsit
1228 357 1310 412 ¹⁰⁵),
1350 362 1393 400 et
1433 354 1769 410 Bureschius¹⁰⁸)
1811 360 1854 398 et

222 435 527 492 Nordenus10’)
564 435 774 493 sophistae
811 434 1024 478 vindicare
1063 447 1145 477 non
1183 432 1496 475 dubitaverunt.
1558 430 1704 473 Tradit
1740 429 1851 473 enim

221 513 404 556 Galenus
434 511 504 567 (fr.
538 512 592 555 76
625 510 709 566 131.)
738 510 781 554 in
813 510 891 553 hac
927 515 1016 553 arte
1046 507 1349 565 Antiphontem
1380 506 1580 557 docuisse,
1612 519 1692 561 quo
1729 504 1852 547 modo

222 589 398 643 ὀνόματα
428 586 542 629 καινὰ
572 585 767 642 fingenda
787 590 940 628 essent.
1001 583 1241 640 Sophistam
1262 582 1371 625 hunc
1402 581 1706 638 Antiphontem
1727 579 1852 622 fuisse

221 678 275 706 ex
307 677 355 706 eo
386 662 612 715 coniciunt,
644 660 753 717 quod
785 660 892 703 alter
931 665 1070 702 orator
1105 658 1228 701 novis
1263 656 1479 701 vocabulis
1515 657 1559 698 in
1595 654 1853 698 orationibus

221 739 310 782 suis
345 752 438 781 raro
473 738 546 793 (cf.
578 738 628 779 fr.
659 737 728 779 20.
758 736 848 791 33),
887 735 993 778 alter
1028 735 1216 791 sophista
1252 747 1376 790 saepe
1415 731 1581 775 videtur
1615 744 1715 773 usus
1750 743 1852 772 esse.

224 813 410 868 Accedit,
443 812 554 868 quod
583 812 627 854 in
665 817 753 853 arte
791 811 995 854 rhetorica
1030 810 1243 853 distinctio
1278 808 1389 852 inter
1425 808 1506 850 duo
1542 820 1694 863 genera
1730 819 1853 860 argu·

224 892 463 932 mentorum
501 887 561 939 fit,
597 900 725 941 quam
762 886 805 928 in
844 886 1102 940 orationibus
1139 884 1370 940 neglectam
1413 882 1603 925 videmus
1639 880 1712 936 (cf.
1734 879 1854 922 Blass

225 964 277 1005 A.
301 962 346 1004 B.
369 976 409 1019 p.
434 961 516 1004 115
548 961 643 1003 adn.
679 961 734 1015 1).
796 961 873 1003 His
904 961 1030 1015 igitur
1061 960 1110 1003 de
1141 959 1278 1002 causis
1308 959 1382 1015 qui
1403 957 1556 1001 oratori
1578 962 1711 999 artem
1738 955 1854 998 abro-

222 1042 337 1093 gant,
383 1051 430 1080 eo
477 1037 683 1088 nituntur,
729 1035 840 1091 quod
878 1036 965 1078 iam
1001 1035 1211 1078 veteribus
1249 1033 1500 1090 quibusdam
1544 1037 1650 1075 teste
1687 1030 1855 1074 Polluce

225 1112 301 1155 illa
344 1112 486 1168 spuria
522 1111 743 1154 videbatur
778 1111 904 1165 (Poll.
940 1110 995 1152 VI
1031 1110 1125 1154 143.
1159 1111 1207 1152 fr.
1245 1110 1299 1152 74
1334 1109 1434 1164 BL).
1472 1108 1588 1160 Quod
1625 1106 1764 1150 nescio
1800 1119 1854 1147 an

225 1187 306 1230 tibi
338 1187 514 1244 placeat.
577 1186 632 1228 At
662 1186 810 1228 eadem
842 1191 907 1228 est
937 1185 1218 1242 discrepantia
1248 1185 1358 1228 inter
1387 1189 1518 1226 artem
1541 1182 1790 1225 rhetoricam
1814 1185 1855 1224 et

224 1261 439 1319 sophistae
470 1262 690 1304 verborum
723 1274 860 1303 usum.
883 1261 1052 1316 Legitur
1073 1261 1183 1303 enim
1207 1260 1250 1302 in
1272 1259 1347 1302 illa
1367 1258 1727 1314 ἀπαρασκεύαστον,
1758 1270 1854 1299 cum

225 1338 316 1394 ipse
345 1336 552 1394 sophistes
583 1336 846 1392 ἀπαρασκεύῳ
868 1336 1081 1392 scripserit
1110 1334 1275 1391 (Ἂληθ.
1298 1336 1346 1378 fr.
1368 1334 1429 1389 3).
1490 1334 1634 1390 Neque
1654 1331 1854 1388 sophista,

224 1412 299 1455 sed
330 1418 468 1455 orator
497 1411 714 1468 Antiphon
745 1411 910 1454 dicendi
943 1416 1163 1467 praecepta
1184 1410 1404 1454 tradidisse
1433 1410 1564 1452 fertur
1583 1408 1665 1463 (Pl.
1690 1406 1853 1450 Menex.

227 1487 378 1542 2362).
439 1488 560 1529 Hunc
598 1486 726 1542 igitur
761 1486 812 1529 de
850 1487 967 1529 novis
1007 1485 1237 1539 vocabulis,
1277 1485 1427 1541 quibus
1463 1490 1555 1527 tum
1592 1497 1736 1526 omnes
1772 1483 1855 1525 fere

226 1563 450 1619 scriptores
481 1562 683 1605 excellere
715 1561 956 1614 studebant,
987 1562 1030 1604 in
1061 1568 1150 1604 arte
1179 1560 1386 1604 rhetorica
1416 1574 1536 1615 agere
1566 1558 1750 1602 maxime
1788 1557 1856 1600 de·

222 1636 325 1689 cuit,
357 1636 522 1679 etiamsi
553 1637 642 1693 ipse
673 1636 717 1679 in
747 1637 835 1679 suis
866 1636 1125 1679 orationibus
1155 1636 1252 1679 huic
1283 1636 1388 1678 mori
1419 1635 1558 1678 minus
1588 1633 1778 1677 indulsit.

342 1712 424 1755 Sed
462 1711 680 1754 redeamus
720 1713 773 1754 ad
810 1711 1053 1768 sophistam,
1098 1711 1170 1767 qui
1207 1711 1380 1766 Gorgiae
1415 1710 1655 1767 exemplum
1689 1713 1857 1752 secutus

225 1786 371 1829 multis
401 1786 642 1843 compositis
673 1786 900 1841 vocabulis,
937 1800 1044 1842 quae
1081 1788 1222 1828 διπλᾶ
1257 1785 1466 1840 ὀνόματα
1498 1784 1742 1828 Aristoteles
1779 1784 1855 1839 (cf.

226 1861 347 1905 Rhet.
384 1861 414 1904 Γ
446 1862 493 1917 3)
525 1861 724 1918 appellat,
757 1861 963 1918 poeticum
993 1862 1194 1905 sermonis
1224 1861 1404 1904 colorem
1434 1861 1563 1903 auxit.

343 1937 410 1980 Fr.
431 1937 488 1980 49
520 1937 790 1991 ὀλυμπιονῖκαι
819 1938 883 1979 καὶ
915 1937 1139 1979 πυθιονῖκαι
1161 1937 1363 1980 vocabula
1382 1937 1619 1990 significant
1639 1934 1857 1978 victoriam

224 2011 490 2069 Olympicam
521 2018 562 2055 et
593 2012 824 2068 Pythicam.
884 2012 1039 2063 Quodsi
1072 2012 1276 2055 Pindarus
1314 2012 1447 2055 utitur
1484 2012 1679 2065 ὀλυμπιο-,
1717 2010 1855 2052 πυθιο-

224 2088 345 2143 νίκης,
377 2087 575 2141 ὀλυμπιό·,
607 2086 831 2133 πυθιόνικος
861 2088 991 2130 subst.
1023 2093 1066 2131 et
1096 2088 1258 2140 adiect.‚
1296 2087 1407 2130 idem
1445 2101 1526 2130 non
1566 2086 1700 2129 utitur
1730 2086 1856 2141 ὀλυμ-

225 2163 380 2218 πιονίκη
418 2163 724 2219 similibusque,
771 2162 845 2205 sed
890 2162 1054 2206 duobus
1085 2163 1220 2206 verbis
1255 2177 1342 2205 rem
1385 2162 1570 2218 exponit,
1617 2175 1651 2204 e.
1679 2176 1717 2218 g.
1755 2161 1855 2204 Isth.

227 2237 310 2281 VII
339 2239 368 2281 4
399 2236 628 2293 Ἰσθμιάδος
664 2238 784 2290 νίκας,
823 2238 943 2294 Pyth.
979 2239 1056 2281 Vll
1097 2239 1149 2281 13
1187 2238 1300 2280 πέντε
1338 2238 1407 2293 μὲν
1439 2236 1602 2292 Ἰσθμοῖ
1635 2239 1750 2285 νῖκαι,
1788 2235 1857 2291 μία

223 2311 260 2356 δ’
303 2313 503 2369 ἐκπρεπὴς
543 2314 635 2360 Διὸς
670 2312 910 2367 Ὀλυμπιάς.
986 2314 1172 2356 Primum
1217 2314 1326 2371 apud
1365 2312 1661 2369 Bacchylidem
1703 2311 1762 2354 IV
1803 2313 1854 2354 17

226 2388 423 2446 apparuit
454 2388 600 2432 eadem
630 2390 777 2441 forma,
809 2402 936 2445 quam
957 2389 1172 2446 Antiphon
1204 2394 1395 2445 usurpat:
1428 2388 1497 2431 δύο
1518 2386 1552 2429 τ’
1581 2387 1859 2442 ὀλυμπιονίκας

225 2463 382 2506 ἀείδειν.
461 2463 509 2507 In
557 2478 678 2520 prosa
722 2464 823 2507 haec
868 2465 1133 2507 substantiva
1178 2478 1386 2519 nusquam
1430 2464 1574 2506 inveni
1618 2463 1700 2506 nisi
1746 2462 1858 2519 apud

226 2538 390 2581 Heliod.
422 2539 543 2582 Aeth.
578 2539 613 2580 V
649 2539 700 2582 19
732 2554 770 2596 p.
797 2539 920 2593 199‚8
952 2538 1073 2594 (4‚16
1107 2538 1270 2593 Bekk.),
1309 2539 1381 2582 ubi
1420 2538 1616 2594 legimus:
1653 2538 1724 2594 τὴν
1763 2538 1857 2592 μέλ-

224 2616 369 2657 λουσαν
399 2614 643 2670 πυθιονίκην.
709 2614 855 2657 Graeci
901 2614 1027 2670 igitur
1072 2628 1207 2670 neque
1253 2614 1453 2657 victoriae
1499 2613 1745 2671 Olympicae
1790 2613 1858 2656 vel

226 2741 403 2785 pertinere
429 2740 579 2777 videtur.
629 2740 801 2776 Similiter
826 2740 926 2775 Plato
952 2740 1174 2776 Theodorum
1202 2740 1411 2785 Byzantium
1442 2744 1587 2786 propter
1610 2741 1753 2776 nimiam
1780 2741 1857 2777 eius

226 2798 446 2845 disponendi
472 2803 583 2835 artem
610 2798 846 2846 λογοδαίδαλον
873 2799 1032 2845 appellat
1056 2800 1093 2835 in
1119 2799 1268 2835 Phaedr.
1294 2799 1362 2835 266
1372 2810 1403 2844 e,
1427 2801 1470 2835 ci.
1498 2801 1607 2836 Arist.
1628 2799 1731 2835 Rhet.
1756 2798 1782 2836 Γ
1803 2799 1857 2835 13.

349 2858 405 2902 ¹⁰⁵)
433 2860 508 2894 Art.
534 2860 656 2904 script.
682 2869 716 2904 p.
740 2860 816 2894 116.

350 2917 404 2960 ¹⁰⁶)
432 2917 454 2952 1.
472 2928 501 2953 c.
529 2929 562 2963 p.
580 2918 638 2953 86.

348 2975 404 3018 ¹⁰⁷)
434 2978 515 3013 Ant.
541 2977 663 3023 Kstpr.
689 2988 723 3023 p.
742 2976 787 3012 72
813 2976 895 3012 adn.
913 2977 946 3012 2.
