2170 3412
877 272 1160 314 -51-

314 384 378 427 Fr.
417 383 472 426 58
503 388 591 439 ,τοῖς
628 385 748 430 πέλας
784 387 962 441 ποιήσειν
993 386 1183 428 dativum
1219 386 1263 427 in
1294 397 1428 427 accus.
1466 383 1647 426 mutavit
1678 384 1832 426 Meine·

199 459 306 511 kius,
337 459 410 501 sed
450 459 596 502 eodem
633 460 851 504 intellectu
887 461 1055 503 dativus
1093 460 1307 503 invenitur
1341 473 1408 515 ap.
1446 458 1589 514 Eurip.
1628 459 1695 501 Or.
1735 458 1831 511 748,

199 534 307 576 Med.
333 534 454 577 1292.
489 534 547 576 Cf.
581 535 923 579 Kuehner-Gerth
954 536 993 578 II
1027 537 1063 589 1,
1082 535 1167 578 324
1198 535 1293 578 adn.
1331 535 1370 577 6.

315 609 379 651 Fr.
411 609 466 651 76
495 609 671 664 (Πολιτ.)
700 613 932 664 καταμελεῖν
963 611 1017 667 τὰ
1047 612 1255 666 πράγματα
1285 624 1493 666 nusquam
1533 609 1636 651 alibi
1672 609 1829 661 inveni,

198 684 271 726 sed
317 685 473 738 ἀμελεῖν
513 699 609 728 cum
645 700 731 743 aco.
769 686 934 738 Herod„
972 692 1102 741 tragg.
1134 686 1192 728 Cf.
1226 684 1571 729 Ruebant-Germ
1601 684 1636 726 ll
1670 685 1718 735 1‚·
1747 683 1831 726 366

199 759 295 801 adn.
325 760 390 802 13.

319 835 591 878 Communem
628 836 832 878 sermonis
870 836 1214 879 consuetudinem
1250 849 1447 892 respuens
1478 835 1695 892 Antiphon
1734 850 1832 892 poe-

198 915 336 951 tarum
374 923 487 952 more
525 909 712 965 loquitur
746 911 818 964 (ef.
850 912 977 954 Arist.
1010 911 1129 954 Rhet.
1166 910 1195 953 Γ
1218 913 1238 953 1
1280 911 1462 966 ποιητικὴ
1501 914 1637 966 πρώτη
1681 910 1832 966 ἐγένετο

197 983 310 1036 λέξις,
342 984 423 1026 οἷον
455 986 479 1039 ἡ
515 984 712 1040 Γοργίου).
774 986 920 1041 Itaque
951 987 1016 1029 vel
1049 986 1263 1042 poeticis
1293 986 1358 1028 vel
1390 986 1536 1029 novis
1568 986 1634 1028 vel
1667 986 1833 1029 minus

199 1059 409 1101 usitatis
440 1060 574 1102 utitur
603 1061 886 1103 vocabulis:

314 1133 376 1176 Fr.
409 1135 465 1176 49
496 1136 646 1189 πότμος
675 1135 809 1190 glossa
839 1142 900 1178 est
930 1137 972 1178 in
1007 1150 1127 1192 prosa
1159 1136 1362 1187 inaudita,
1394 1137 1465 1179 sed
1498 1137 1548 1179 cf.
1581 1137 1743 1192 Protag.
1783 1137 1831 1179 fr.

197 1209 226 1252 9
257 1208 463 1264 εὖποτμίη.

316 1284 378 1326 Fr.
410 1284 466 1326 49
496 1287 628 1326 καινοῦ
661 1285 853 1339 δαίμονος,
886 1285 946 1327 sic
978 1286 1126 1339 δαίμων
1159 1300 1232 1342 pro
1264 1286 1366 1342 τύχη
1399 1286 1533 1329 dicere
1571 1286 1706 1330 solent
1738 1301 1833 1344 poe-

197 1364 266 1401 tae
296 1359 368 1414 (cf.
404 1358 552 1402 Kaibel
582 1360 634 1402 ad
666 1360 725 1402 El.
759 1375 797 1402 v.
829 1360 946 1414 916).
981 1361 1143 1403 Poetice
1176 1361 1302 1403 etiam
1336 1363 1434 1403 Ant.
1467 1362 1543 1404 Rh.
1577 1361 1690 1404 Tetr.
1726 1362 1784 1416 Βγ
1805 1362 1834 1404 4

198 1433 432 1491 σκληρότητι
469 1438 536 1477 τοῦ
579 1435 759 1487 δαίμονος
802 1449 875 1491 pro
923 1438 1076 1491 σκληρᾷ
1122 1437 1273 1491 ἀνάγκῃ
1320 1436 1375 1491 (Β
1414 1437 1436 1488 β
1476 1436 1533 1490 2).
1618 1437 1666 1479 In
1713 1451 1834 1493 prosa

197 1511 346 1562 δαίμων
379 1511 454 1553 hoc
484 1510 653 1566 quidem
684 1495 807 1553 sensu
839 1525 933 1553 cum
964 1511 1168 1554 adiectivo
1202 1517 1264 1554 est
1295 1512 1558 1554 inusitatum.

315 1585 503 1628 Sublime
548 1593 611 1629 est
655 1586 722 1628 ἴσα
767 1585 966 1638 πνέοντας,
1004 1587 1055 1628 cf.
1094 1587 1243 1629 Aesch.
1283 1588 1359 1642 Ag.
1404 1587 1514 1630 1206
1544 1587 1671 1629 πνέων
1703 1589 1832 1644 χάριν,

198 1659 318 1702 Pind.
351 1659 413 1703 Ol.
447 1661 505 1702 XI
538 1661 590 1703 97
625 1661 739 1703 κενεὰ
769 1661 986 1715 πνεούσαις,
1022 1661 1143 1716 Pyth.
1176 1661 1236 1704 XI
1257 1662 1314 1705 30
1343 1663 1508 1718 χαμηλὰ
1539 1662 1680 1715 πνέων,
1713 1662 1831 1705 Nem.

199 1735 278 1777 Vll
310 1735 338 1777 4
370 1735 612 1788 ἀναπνέομεν
645 1735 679 1777 δ’
709 1736 785 1792 οὐχ
816 1737 984 1782 ἅπαντες
1014 1737 1078 1778 ἐπὶ
1117 1736 1194 1778 ἴσα.

315 1810 379 1853 Fr.
410 1812 467 1853 55
498 1811 560 1853 ἰ’να
591 1826 664 1868 pro
703 1810 802 1852 ὅπου
835 1819 958 1868 poet.‚
991 1812 1157 1864 Herod.‚
1190 1813 1319 1855 Plato.

308 1884 451 1941 Ἀληῦ.
497 1887 546 1928 sr.
591 1887 643 1929 21
694 1887 964 1942 ὀριγνηῦἧναι·
1014 1888 1096 1929 ἀντὶ
1147 1890 1216 1929 τοῦ
1268 1888 1530 1943 ἐπιθυμῆσαι,
1585 1903 1656 1945 pro
1704 1888 1831 1943 ὀρέγε·

199 1961 291 2003 σθαι
322 1968 430 2018 poet.

314 2037 377 2079 Fr.
409 2038 464 2079 49
502 2036 699 2091 νέοτήσιος
736 2038 961 2079 formatum
1006 2045 1069 2080 est
1106 2038 1156 2080 ad
1205 2039 1440 2093 analogiam
1479 2053 1624 2081 vocum
1674 2039 1833 2094 φιλοτή-

197 2126 279 2157 σιος
308 2111 380 2166 (de
418 2111 534 2153 cuius
572 2125 649 2153 usu
689 2111 836 2154 Kaibel
868 2112 893 2153 Ι.
924 2127 958 2155 c.
988 2128 1026 2169 p.
1056 2113 1174 2167 237),
1213 2114 1418 2167 ἱκετήσιος,
1458 2127 1564 2168 quae
1602 2121 1700 2156 sunt
1738 2129 1833 2170 poe·

196 2187 317 2229 tinae.
387 2186 529 2242 Neque
571 2200 748 2242 usquam
788 2187 938 2241 legitur
974 2189 1173 2242 νεοτήσιος
1209 2188 1288 2230 nisi
1327 2194 1419 2245 post
1451 2188 1523 2231 Ch.
1562 2195 1646 2231 nat.
1687 2189 1729 2232 in
1767 2189 1830 2232 Ps.

197 2261 320 2304 Phoc.
352 2262 449 2304 201.
1031 2299 1033 2301 .

313 2336 361 2379 In
392 2338 441 2379 fr.
463 2337 520 2379 49
552 2351 626 2393 pro
657 2337 759 2392 λύπη
790 2339 890 2380 Ant.
914 2337 1015 2380 dicit
1036 2338 1196 2394 λύπημα
1218 2339 1395 2394 tragicos
1418 2340 1587 2382 imitans
1609 2339 1681 2394 (cf.
1706 2339 1831 2397 Soph.

195 2411 344 2455 Trach.
383 2413 510 2466 554):
552 2413 595 2454 τὸ
639 2413 710 2469 γὰρ
757 2413 961 2459 ἐξαλλάξαι
997 2418 1099 2455 ποιεῖ
1141 2414 1349 2470 φαίνεσθαι
1395 2414 1629 2471 σεμνοτέραν
1666 2430 1721 2457 sc.
1763 2416 1832 2471 τὴν

194 2486 296 2533 λέξιν
326 2487 475 2541 (Arist.
506 2488 622 2530 Rhet.
659 2487 688 2530 Γ
715 2488 773 2543 2).
838 2489 941 2530 (Τυῐῑι
974 2489 1050 2531 hac
1081 2489 1334 2533 substantivi
1365 2491 1496 2533 forma
1527 2491 1575 2533 cf.
1611 2490 1767 2546 θέλημα
1788 2491 1832 2533 in

197 2563 246 2605 fr.
276 2563 346 2611 58,
385 2562 495 2618 quod
533 2563 706 2606 recurrit
744 2564 786 2606 in
820 2564 868 2606 N.
902 2564 964 2614 'l'.‚
998 2564 1145 2606 Matth.
1177 2565 1305 2615 6,10.
1338 2566 1464 2619 7,21.
1498 2590 1552 2597 —-
1585 2566 1647 2608 Fr.
1674 2567 1722 2609 71
1757 2568 1831 2622 φή-

197 2640 313 2691 λωμα
358 2638 410 2680 ab
456 2639 556 2680 Ant.
596 2638 830 2681 derivatum
870 2645 932 2681 est
969 2653 994 2681 a
1037 2642 1202 2695 φηλοῦν,
1240 2640 1350 2697 quod
1397 2655 1463 2697 ap.
1505 2648 1633 2696 tragg.
1679 2647 1830 2684 exstat.

198 2712 418 2755 Praeterea
461 2714 750 2757 memorabilia
786 2720 885 2757 sunt
919 2713 1061 2770 Ἀληῦ.
1103 2716 1149 2757 sr.
1189 2716 1244 2757 38
1281 2715 1479 2772 ἄμβλωμα
1519 2730 1592 2772 pro
1631 2715 1833 2772 ἅμβλωσις

199 2789 255 2833 ὡς
290 2787 449 2838 Λυσίας,
487 2787 535 2829 sr.
568 2788 623 2830 49
655 2788 848 2844 σκίρτημα
880 2795 1006 2843 tragg.
1062 2790 1311 2832 Huiusmodi
1349 2790 1614 2834 substantiva
1644 2790 1832 2834 derivata

197 2862 240 2905 in
274 2878 346 2915 -μα
377 2862 612 2905 desinentia
642 2864 731 2906 sive
763 2877 870 2906 nova
900 2864 987 2906 sive
1019 2865 1183 2920 poetica
1221 2866 1460 2921 saepissime
1497 2881 1521 2908 a
1557 2865 1830 2922 scriptoribus

197 2937 311 2980 illius
343 2937 493 2981 aetatis
524 2945 792 2995 usurpantur,
825 2953 859 2981 e.
893 2953 928 2994 g.
963 2940 1061 2981 Ant.
1097 2939 1168 2982 Rh.
1204 2947 1278 2983 aut
1307 2941 1423 2997 soph.
1447 2942 1493 2983 fr.
1519 2943 1598 2984 101
1623 2941 1830 2998 ἐπινόημα,

199 3013 247 3055 fr.
289 3014 373 3055 110
408 3012 641 3069 ἐπιθύμημα
678 3014 758 3056 An.
799 3013 944 3057 Iambl.
983 3015 1023 3068 5,
1046 3016 1100 3069 2.,
1145 3014 1262 3070 Xon„
1307 3016 1436 3059 Plato.
1474 3042 1527 3049 —-
1568 3018 1648 3059 An.
1683 3016 1829 3060 lambl.

1581 3085 1625 3119 4-
