2170 3412
965 190 1250 232 ..14-

294 307 466 359 χρῆσις
498 306 620 358 παρῇ,
654 303 870 359 Antiphon
908 305 1034 346 etiam
1074 303 1176 345 illud
1215 303 1295 346 sibi
1334 306 1560 361 proposuit,
1598 314 1645 349 ut
1681 307 1931 360 ostenderet,

295 393 378 434 qua
409 378 568 420 ratione
600 384 707 421 esset
739 378 917 434 pecunia
948 378 1165 420 utendum.
1227 378 1386 429 Quibus
1408 380 1531 423 rebus
1552 381 1809 437 intellegitur
1827 382 1931 426 haec

295 467 391 495 eum
429 453 653 504 addidisse,
694 467 786 495 cum
824 453 876 495 ad
915 452 1179 495 concordiam
1216 453 1371 496 civium
1407 460 1627 510 spectaret,
1665 469 1771 512 quae
1801 456 1932 500 conti·

296 533 465 570 neretur
496 528 695 570 utilitatis
726 527 1095 582 coiiimunione’⁶).

390 603 558 659 ,ltaque
588 602 709 644 facile
742 603 942 645 concedas
973 617 1048 645 nec
1081 610 1190 646 recte
1222 603 1487 660 interpretari
1510 604 1781 647 Bureschium
1812 605 1933 649 sabu-

298 677 397 730 lam,
429 692 512 733 qua
543 676 745 719 consolari
777 677 1006 733 sophistam
1039 677 1090 720 de
1121 678 1274 721 amissa
1310 679 1487 735 pecunia
1527 679 1706 721 voluisse
1744 677 1932 734 dicat’²)‚

298 766 373 794 nec
411 753 616 807 pertinere
655 751 731 794 hoc
769 752 1045 806 fragmentum
1084 752 1135 795 ad
1173 759 1306 796 artem
1343 754 1676 797 consolatoriam.
1746 754 1936 811 Itemque

300 826 590 869 Duemmlerus
622 841 646 868 a
676 840 772 868 vero
805 826 1097 882 aberravit'⁸):
1133 827 1283 880 „Diese
1325 828 1499 872 Parabel
1535 829 1766 885 entspricht
1800 843 1935 884 genau

297 902 392 944 dem
424 902 635 944 Gleichnis
674 905 732 944 im
771 902 943 958 Gorgias
977 903 1133 958 (494a)
1173 917 1266 946 vom
1305 904 1610 946 enthaltsamen
1644 905 1822 947 Manne“
1855 910 1935 948 etc.

299 977 372 1019 Est
407 977 518 1019 enim
559 991 642 1019 non
685 977 918 1030 continens,
965 978 1035 1020 sed
1084 992 1247 1031 avarus,
1293 992 1418 1033 quem
1463 978 1678 1035 Antiphon
1725 979 1934 1023 describit.

298 1052 609 1094 Continentiam
643 1059 785 1095 autem
817 1053 888 1095 ille
923 1052 1072 1109 probat
1104 1054 1177 1107 (cf.
1200 1055 1247 1095 fr.
1269 1053 1338 1107 58,
1361 1054 1452 1107 59),
1475 1054 1709 1096 contemnit
1729 1054 1935 1097 Callicles.

299 1127 415 1170 Inter
459 1142 561 1183 quos
609 1128 718 1171 viros
761 1128 866 1170 nihil
914 1142 1136 1171 commune
1181 1128 1415 1171 intercedit.
1477 1129 1586 1171 Nam
1633 1129 1849 1185 Antiphon
1896 1136 1940 1172 et

300 1202 455 1245 civium
488 1203 693 1245 rationem
725 1203 959 1246 habendam
999 1210 1042 1245 et
1080 1204 1331 1260 cupiditates
1369 1204 1616 1246 coercendas
1652 1218 1741 1246 esse
1775 1204 1938 1248 statuit.

418 1277 528 1320 Haec
560 1278 686 1333 igitur
717 1293 768 1320 ex
799 1280 847 1320 fr.
870 1279 927 1321 54
958 1285 999 1321 et
1019 1279 1076 1320 58
1098 1279 1386 1334 cognovimus:
1419 1279 1600 1335 primum
1632 1278 1939 1335 Antiphontem

298 1352 563 1395 concordiam
609 1353 652 1395 in
696 1354 906 1396 communi
954 1355 1143 1396 omnium
1182 1354 1367 1396 utilitate
1406 1354 1605 1410 posuisse,
1651 1354 1802 1397 deinde
1843 1368 1937 1397 eum

302 1428 480 1484 pecunia
511 1436 621 1470 recte
652 1429 810 1471 utenda
841 1429 952 1471 cives
982 1430 1092 1471 inter
1121 1444 1165 1471 se
1201 1429 1349 1471 sociari
1387 1429 1585 1472 docuisse.
1647 1429 1735 1472 Nec
1765 1443 1862 1473 vero
1892 1429 1936 1472 in

301 1503 365 1556 iis,
398 1517 504 1559 quae
534 1504 759 1555 effecimus,
784 1505 1110 1559 acquiescamus,
1132 1504 1205 1546 sed
1227 1510 1353 1546 testes
1374 1504 1648 1547 adhibeamus
1669 1509 1711 1546 et
1730 1504 1940 1560 sophistae

301 1579 497 1634 aequales
536 1585 578 1621 et
614 1579 859 1635 posteriores
898 1579 1176 1635 philosophOS,
1214 1586 1261 1621 ut
1297 1580 1427 1634 magis
1465 1580 1628 1622 eluceat
1664 1594 1759 1622 eum
1800 1579 1851 1622 de
1885 1579 1940 1622 iis

300 1653 403 1710 ipsis
434 1654 558 1696 rebus
589 1654 847 1707 disseruisse,
881 1655 1034 1709 quibus
1064 1654 1140 1696 illa
1170 1661 1306 1696 aetate
1337 1654 1467 1696 animi
1508 1655 1724 1697 hominum
1756 1655 1941 1697 maxime

300 1729 635 1784 exagitabantur.
697 1729 862 1772 Etenim
902 1729 1049 1771 habuit
1087 1729 1314 1784 Antiphon,
1354 1734 1401 1770 ut
1439 1743 1502 1771 res
1539 1734 1628 1771 tum
1665 1735 1797 1782 erant,
1829 1729 1941 1785 quod

301 1803 552 1846 discordiam
585 1805 739 1846 civium
772 1804 1042 1859 vituperaret.
1103 1805 1287 1861 Quorum
1319 1804 1439 1846 alteri
1471 1804 1630 1846 divitiis
1652 1804 1939 1858 abundabant,

301 1879 424 1921 alteri
461 1888 643 1934 egestate
682 1880 953 1922 vexabantur.
1035 1879 1212 1935 Utrique
1252 1881 1406 1922 bonum
1441 1880 1654 1935 publicum
1692 1879 1940 1923 simulantes

301 1955 388 1997 suis
419 1956 649 1998 commodis
679 1956 845 1998 servire.
908 1955 1101 1997 Avaritia
1132 1955 1255 1997 fidem
1288 1955 1624 2010 probitatemque
1654 1955 1937 1998 subverterat:

425 2104 468 2146 2⁶)
493 2105 538 2140 cf.
572 2105 611 2139 F.
639 2105 681 2139 A.
709 2105 841 2150 Lange,
875 2104 1000 2140 Gescb.
1028 2105 1061 2139 d.
1087 2106 1359 2140 Materialismus
1387 2117 1422 2150 p.
1439 2104 1484 2140 39
1503 2115 1573 2150 sq.:
1615 2104 1653 2138 In
1687 2105 1746 2137 der
1771 2103 1873 2138 Eehik
1897 2105 1940 2139 ist

301 2165 377 2206 <der
407 2163 530 2197 Schritc
561 2177 631 2198 vom
663 2164 841 2198 Einzelnen
873 2177 943 2197 zum
970 2165 1206 2206 Allqemeinen)
1238 2167 1278 2197 im
1306 2164 1444 2198 Grande
1475 2165 1574 2198 sehon
1604 2165 1792 2208 qeschelien,
1825 2163 1945 2198 enbald

301 2223 356 2256 die
391 2223 534 2267 Tuqend,
571 2224 654 2257 naelz
687 2225 880 2268 Auflh'sunq
911 2224 995 2256 aller
1025 2223 1196 2258 (iuBerlieli
1227 2225 1409 2268 qeqebenen
1441 2224 1623 2262 objelctiven
1656 2222 1813 2265 Nor-men,
1849 2223 1938 2256 nicht

303 2283 433 2325 einfaeh
464 2283 516 2316 bei
540 2282 628 2316 Seite
657 2290 791 2327 yeselct,
829 2284 969 2315 sondern
1001 2285 1068 2326 auf
1095 2285 1155 2316 das
1180 2283 1317 2325 Pre'nze'p
1350 2283 1409 2315 del·
1434 2282 1620 2325 Erhaleunq
1653 2282 1723 2314 und
1743 2281 1942 2326 Fdrderunq

301 2342 392 2374 einer
417 2342 648 2376 menselzliclzen
672 2342 914 2385 Gemee'nsclmft
931 2342 1127 2386 riberti-ayma
1146 2342 1236 2375 wird.
1280 2342 1347 2375 Die
1366 2341 1540 2384 Sophisten
1558 2342 1702 2375 beeraten
1727 2341 1835 2374 diesen
1863 2341 1942 2385 Weq

306 2402 384 2433 710ch
410 2402 491 2434 alme
517 2402 585 2434 sicli
613 2403 721 2434 seiner
741 2402 978 2447 prinzipiellen
999 2401 1191 2445 Bedeutuny
1209 2401 1338 2434 bewuBc
1355 2413 1394 2433 zu
1413 2402 1493 2433 sein.
1531 2401 1648 2435 Testis
1675 2403 1730 2435 est
1747 2399 1805 2434 hic
1822 2399 1939 2434 locus:

305 2460 444 2503 [Isocr.]
470 2461 515 2494 ad
543 2461 687 2495 Demon.
719 2460 775 2495 17:
805 2460 949 2504 μάλιστα
975 2457 1009 2494 δ’
1029 2460 1069 2494 ἂν
1095 2459 1323 2505 εὐδοκιμοίης,
1348 2460 1377 2494 εἰ
1403 2459 1534 2504 φαίνοιο
1560 2462 1667 2493 ταῦτα
1692 2459 1740 2504 μὴ
1766 2459 1937 2504 πράττων,

307 2519 327 2552 ἃ
353 2524 424 2558 τοῖς
449 2519 562 2558 ἄλλοις
586 2519 625 2554 ἂν
651 2521 853 2566 πράττουσιν
879 2517 1075 2565 ἐπιτιμῴης.
1103 2519 1147 2554 cf.
1174 2518 1230 2554 21.
1257 2538 1301 2543 —
1329 2518 1416 2554 Cum
1444 2518 1664 2562 Antiphonte
1690 2517 1940 2563 philosophum

306 2589 400 2613 saec.
431 2579 552 2613 XVIII
586 2591 620 2624 p.
653 2578 715 2613 Ch.
747 2590 782 2614 n.
815 2579 1064 2614 Helvetium
1098 2578 1380 2623 componendum
1413 2588 1492 2612 esse
1524 2584 1620 2622 puto¹
1654 2577 1699 2611 cf.
1731 2576 1941 2622 Ueberweg-

307 2638 453 2681 Heinze,
480 2637 630 2672 Grundr.
651 2639 683 2672 d.
703 2637 829 2672 Gescb.
849 2638 882 2672 d.
901 2637 992 2671 Phil.
1011 2638 1061 2672 111
1074 2636 1086 2659 ⁷
1107 2638 1189 2671 184:
1216 2638 1292 2680 Λα]
1306 2637 1368 2669 dax
1383 2637 1518 2682 Prinze'p
1537 2637 1593 2669 des
1610 2637 1742 2679 eiqenen
1762 2634 1942 2668 interesses

306 2696 363 2729 hat
381 2697 505 2730 mittelst
523 2697 581 2729 des
596 2696 722 2739 Satzes,
740 2696 814 2730 duss
832 2697 936 2729 dieses
955 2709 1016 2729 nur
1042 2699 1073 2730 in
1099 2688 1411 2738 Ubereinstimmuny
1435 2697 1490 2727 mi!
1516 2695 1586 2727 dem
1613 2694 1834 2728 Gemeinwolil
1854 2695 1944 2728 seina

307 2755 493 2798 unqetric'bte
511 2756 579 2787 und
594 2755 676 2788 volle
700 2755 937 2799 Hesi-iedzguny
954 2767 993 2788 zu
1008 2755 1126 2796 finden
1151 2759 1310 2798 vermo‘ye,
1337 2752 1504 2786 Helvetius
1522 2753 1574 2785 die
1595 2752 1710 2785 Moral
1734 2764 1773 2785 zu
1795 2752 1945 2796 yrfiuden

307 2814 466 2848 versueht.

428 2872 470 2915 2⁷)
495 2873 519 2908 l.
537 2883 565 2907 c.
594 2885 629 2918 p.
647 2873 704 2908 83.

429 2931 471 2974 ²⁸)
499 2932 710 2966 Academica
736 2943 771 2977 p.
790 2932 847 2966 81.
