<?xml version="1.0" encoding="UTF-8"?>
<!DOCTYPE html PUBLIC "-//W3C//DTD XHTML 1.0 Transitional//EN"
    "http://www.w3.org/TR/xhtml1/DTD/xhtml1-transitional.dtd">
<html xmlns="http://www.w3.org/1999/xhtml" xml:lang="en" lang="en">
 <head>
  <title>
</title>
<meta http-equiv="Content-Type" content="text/html;charset=utf-8" />
  <meta name='ocr-system' content='tesseract 3.04.00' />
  <meta name='ocr-capabilities' content='ocr_page ocr_carea ocr_par ocr_line ocrx_word'/>
</head>
<body>
  <div class='ocr_page' id='page_1' title='image "./deantiphontissop00jacouoft_0021.png"; bbox 0 0 2170 3412; ppageno 0'>
   <div class='ocr_carea' id='block_1_1' title="bbox 881 186 1168 228">
    <p class='ocr_par' dir='ltr' id='par_1_1' title="bbox 881 186 1168 228">
     <span class='ocr_line' id='line_1_1' title="bbox 881 186 1168 228; baseline -0.003 -11"><span class='ocrx_word' id='word_1_1' title='bbox 881 186 1168 228; x_wconf 48' lang='lat'>„17-</span> 
     </span>
    </p>
   </div>
   <div class='ocr_carea' id='block_1_2' title="bbox 1644 300 1661 311">
    <p class='ocr_par' dir='ltr' id='par_1_2' title="bbox 1644 300 1661 311">
     <span class='ocr_line' id='line_1_2' title="bbox 1644 300 1661 311; baseline 0 -2"><span class='ocrx_word' id='word_1_2' title='bbox 1644 300 1661 311; x_wconf 71' lang='grc' dir='ltr'>ι.</span> 
     </span>
    </p>
   </div>
   <div class='ocr_carea' id='block_1_3' title="bbox 189 299 1867 2842">
    <p class='ocr_par' dir='ltr' id='par_1_3' title="bbox 189 299 1867 2842">
     <span class='ocr_line' id='line_1_3' title="bbox 206 299 1839 358; baseline -0.002 -13"><span class='ocrx_word' id='word_1_3' title='bbox 206 303 385 345; x_wconf 77' lang='grc' dir='ltr'>ἐδέδισαν</span> <span class='ocrx_word' id='word_1_4' title='bbox 417 302 472 358; x_wconf 88' lang='grc' dir='ltr'>μὴ</span> <span class='ocrx_word' id='word_1_5' title='bbox 504 303 609 343; x_wconf 85' lang='grc' dir='ltr'>δυοῖν</span> <span class='ocrx_word' id='word_1_6' title='bbox 640 302 804 356; x_wconf 81' lang='grc' dir='ltr'>θάτερον</span> <span class='ocrx_word' id='word_1_7' title='bbox 845 299 1061 356; x_wconf 77' lang='grc' dir='ltr'>[πάθοιεν],</span> <span class='ocrx_word' id='word_1_8' title='bbox 1098 300 1125 355; x_wconf 87' lang='grc' dir='ltr'>ἢ</span> <span class='ocrx_word' id='word_1_9' title='bbox 1162 301 1317 342; x_wconf 86' lang='grc' dir='ltr'>πάντων</span> <span class='ocrx_word' id='word_1_10' title='bbox 1355 300 1594 355; x_wconf 80' lang='grc' dir='ltr'>στερηθεῖεν,</span> <span class='ocrx_word' id='word_1_11' title='bbox 1640 315 1665 354; x_wconf 93' lang='grc' dir='ltr'>η</span> <span class='ocrx_word' id='word_1_12' title='bbox 1711 299 1839 341; x_wconf 82' lang='grc' dir='ltr'>πολλὰ</span> 
     </span>
     <span class='ocr_line' id='line_1_4' title="bbox 204 372 1867 433; baseline -0.002 -14"><span class='ocrx_word' id='word_1_13' title='bbox 204 378 411 433; x_wconf 83' lang='grc' dir='ltr'>πράγματα</span> <span class='ocrx_word' id='word_1_14' title='bbox 442 376 605 433; x_wconf 79' lang='grc' dir='ltr'>σχόντες</span> <span class='ocrx_word' id='word_1_15' title='bbox 637 375 752 431; x_wconf 80' lang='grc' dir='ltr'><strong>μέρος</strong></span> <span class='ocrx_word' id='word_1_16' title='bbox 790 390 826 417; x_wconf 88' lang='grc' dir='ltr'>τι</span> <span class='ocrx_word' id='word_1_17' title='bbox 863 376 1087 428; x_wconf 73' lang='grc' dir='ltr'>κομίσαιντο</span> <span class='ocrx_word' id='word_1_18' title='bbox 1123 379 1200 416; x_wconf 87' lang='grc' dir='ltr'>τῶν</span> <span class='ocrx_word' id='word_1_19' title='bbox 1238 374 1503 430; x_wconf 80' lang='grc' dir='ltr'>προεθέντων·</span> <span class='ocrx_word' id='word_1_20' title='bbox 1565 372 1645 416; x_wconf 84' lang='grc' dir='ltr'>ἀλλ’</span> <span class='ocrx_word' id='word_1_21' title='bbox 1692 375 1867 427; x_wconf 85' lang='grc' dir='ltr'>ὁμοίως.</span> 
     </span>
     <span class='ocr_line' id='line_1_5' title="bbox 204 448 1836 508; baseline -0.002 -14"><span class='ocrx_word' id='word_1_22' title='bbox 204 453 396 508; x_wconf 78' lang='grc' dir='ltr'>ἐθάρρουν</span> <span class='ocrx_word' id='word_1_23' title='bbox 435 453 523 507; x_wconf 85' lang='grc' dir='ltr'>περὶ</span> <span class='ocrx_word' id='word_1_24' title='bbox 560 456 638 494; x_wconf 84' lang='grc' dir='ltr'>τῶν</span> <span class='ocrx_word' id='word_1_25' title='bbox 675 449 750 497; x_wconf 73' lang='grc' dir='ltr'>ἔξω</span> <span class='ocrx_word' id='word_1_26' title='bbox 787 449 1006 504; x_wconf 80' lang='grc' dir='ltr'>δεδομένων</span> <span class='ocrx_word' id='word_1_27' title='bbox 1044 451 1179 506; x_wconf 84' lang='grc' dir='ltr'>ὥσπερ</span> <span class='ocrx_word' id='word_1_28' title='bbox 1224 451 1311 506; x_wconf 86' lang='grc' dir='ltr'>περὶ</span> <span class='ocrx_word' id='word_1_29' title='bbox 1356 453 1434 490; x_wconf 85' lang='grc' dir='ltr'>τῶν</span> <span class='ocrx_word' id='word_1_30' title='bbox 1480 448 1589 491; x_wconf 86' lang='grc' dir='ltr'>ἔνδον</span> <span class='ocrx_word' id='word_1_31' title='bbox 1635 449 1836 504; x_wconf 88' lang='grc' dir='ltr'>κειμένων.</span> 
     </span>
     <span class='ocr_line' id='line_1_6' title="bbox 203 525 1836 582; baseline -0.001 -13"><span class='ocrx_word' id='word_1_32' title='bbox 203 528 340 582; x_wconf 81' lang='grc' dir='ltr'>ἑώρων</span> <span class='ocrx_word' id='word_1_33' title='bbox 370 530 443 582; x_wconf 76' lang='grc' dir='ltr'>γὰρ</span> <span class='ocrx_word' id='word_1_34' title='bbox 474 527 564 572; x_wconf 80' lang='grc' dir='ltr'>τοὺς</span> <span class='ocrx_word' id='word_1_35' title='bbox 594 527 682 582; x_wconf 86' lang='grc' dir='ltr'>περὶ</span> <span class='ocrx_word' id='word_1_36' title='bbox 703 529 782 567; x_wconf 85' lang='grc' dir='ltr'>τῶν</span> <span class='ocrx_word' id='word_1_37' title='bbox 805 526 1054 581; x_wconf 84' lang='grc' dir='ltr'>συμβολαίων</span> <span class='ocrx_word' id='word_1_38' title='bbox 1077 526 1272 581; x_wconf 78' lang='grc' dir='ltr'>κρίνοντας</span> <span class='ocrx_word' id='word_1_39' title='bbox 1296 525 1342 567; x_wconf 84' lang='grc' dir='ltr'>οὐ</span> <span class='ocrx_word' id='word_1_40' title='bbox 1363 528 1448 570; x_wconf 87' lang='grc' dir='ltr'>ταῖς</span> <span class='ocrx_word' id='word_1_41' title='bbox 1476 525 1701 570; x_wconf 85' lang='grc' dir='ltr'>ἐπιεικείαις</span> <span class='ocrx_word' id='word_1_42' title='bbox 1729 541 1836 581; x_wconf 94' lang='grc' dir='ltr'>χρω-</span> 
     </span>
     <span class='ocr_line' id='line_1_7' title="bbox 202 599 1836 657; baseline -0.001 -13"><span class='ocrx_word' id='word_1_43' title='bbox 202 602 365 657; x_wconf 80' lang='grc' dir='ltr'>μένους,</span> <span class='ocrx_word' id='word_1_44' title='bbox 395 603 496 644; x_wconf 83' lang='grc' dir='ltr'>ἁλλὰ</span> <span class='ocrx_word' id='word_1_45' title='bbox 528 605 627 648; x_wconf 86' lang='grc' dir='ltr'>τοῖς</span> <span class='ocrx_word' id='word_1_46' title='bbox 665 600 827 654; x_wconf 85' lang='grc' dir='ltr'>νόμοις</span> <span class='ocrx_word' id='word_1_47' title='bbox 865 601 1206 654; x_wconf 79' lang='grc' dir='ltr'>πειθομένους,</span> <span class='ocrx_word' id='word_1_48' title='bbox 1250 600 1328 642; x_wconf 83' lang='grc' dir='ltr'>οὐδ’</span> <span class='ocrx_word' id='word_1_49' title='bbox 1373 601 1413 642; x_wconf 88' lang='grc' dir='ltr'>ἐν</span> <span class='ocrx_word' id='word_1_50' title='bbox 1459 604 1540 645; x_wconf 84' lang='grc' dir='ltr'>τοῖς</span> <span class='ocrx_word' id='word_1_51' title='bbox 1583 603 1659 641; x_wconf 85' lang='grc' dir='ltr'>τῶν</span> <span class='ocrx_word' id='word_1_52' title='bbox 1706 599 1836 642; x_wconf 83' lang='grc' dir='ltr'>ἄλλων</span> 
     </span>
     <span class='ocr_line' id='line_1_8' title="bbox 202 675 1838 736; baseline -0.002 -16"><span class='ocrx_word' id='word_1_53' title='bbox 202 679 347 733; x_wconf 81' lang='grc' dir='ltr'>ἀγῶσιν</span> <span class='ocrx_word' id='word_1_54' title='bbox 387 678 519 723; x_wconf 79' lang='grc' dir='ltr'>αὐτοῖς</span> <span class='ocrx_word' id='word_1_55' title='bbox 554 677 699 719; x_wconf 75' lang='grc' dir='ltr'>ἀδικεῖν</span> <span class='ocrx_word' id='word_1_56' title='bbox 738 676 915 722; x_wconf 74' lang='grc' dir='ltr'>ἐξουσίαν</span> <span class='ocrx_word' id='word_1_57' title='bbox 952 678 1331 732; x_wconf 73' lang='grc' dir='ltr'>παρασκευάζοντας,</span> <span class='ocrx_word' id='word_1_58' title='bbox 1369 675 1470 717; x_wconf 85' lang='grc' dir='ltr'>ἀλλὰ</span> <span class='ocrx_word' id='word_1_59' title='bbox 1506 677 1655 727; x_wconf 86' lang='grc' dir='ltr'>μᾶλλον</span> <span class='ocrx_word' id='word_1_60' title='bbox 1694 675 1838 736; x_wconf 74' lang='grc' dir='ltr'>ὀργιζο-</span> 
     </span>
     <span class='ocr_line' id='line_1_9' title="bbox 203 751 1837 807; baseline -0.002 -11"><span class='ocrx_word' id='word_1_61' title='bbox 203 754 341 807; x_wconf 81' lang='grc' dir='ltr'>μένους</span> <span class='ocrx_word' id='word_1_62' title='bbox 371 757 452 798; x_wconf 89' lang='grc' dir='ltr'>τοῖς</span> <span class='ocrx_word' id='word_1_63' title='bbox 482 753 764 807; x_wconf 85' lang='grc' dir='ltr'>ἀποστεροῦσιν</span> <span class='ocrx_word' id='word_1_64' title='bbox 795 751 925 794; x_wconf 82' lang='grc' dir='ltr'>αὐτῶν</span> <span class='ocrx_word' id='word_1_65' title='bbox 964 755 1041 793; x_wconf 83' lang='grc' dir='ltr'>τῶν</span> <span class='ocrx_word' id='word_1_66' title='bbox 1079 751 1368 806; x_wconf 84' lang='grc' dir='ltr'>ἀδικουμένων,</span> <span class='ocrx_word' id='word_1_67' title='bbox 1408 753 1472 792; x_wconf 90' lang='grc' dir='ltr'>καὶ</span> <span class='ocrx_word' id='word_1_68' title='bbox 1509 751 1736 805; x_wconf 75' lang='grc' dir='ltr'>νομίζοντας</span> <span class='ocrx_word' id='word_1_69' title='bbox 1773 751 1837 792; x_wconf 86' lang='grc' dir='ltr'>διὰ</span> 
     </span>
     <span class='ocr_line' id='line_1_10' title="bbox 200 826 1837 883; baseline -0.002 -12"><span class='ocrx_word' id='word_1_70' title='bbox 200 828 291 874; x_wconf 83' lang='grc' dir='ltr'>τοὺς</span> <span class='ocrx_word' id='word_1_71' title='bbox 321 827 495 870; x_wconf 82' lang='grc' dir='ltr'>ἄπιστα</span> <span class='ocrx_word' id='word_1_72' title='bbox 525 827 572 869; x_wconf 88' lang='grc' dir='ltr'>τὰ</span> <span class='ocrx_word' id='word_1_73' title='bbox 604 828 824 883; x_wconf 87' lang='grc' dir='ltr'>συμβόλαια</span> <span class='ocrx_word' id='word_1_74' title='bbox 861 830 1067 874; x_wconf 82' lang='grc' dir='ltr'>ποιοῦντας</span> <span class='ocrx_word' id='word_1_75' title='bbox 1104 827 1226 881; x_wconf 75' lang='grc' dir='ltr'>μείζω</span> <span class='ocrx_word' id='word_1_76' title='bbox 1264 826 1506 882; x_wconf 78' lang='grc' dir='ltr'>βλάπτεσθαι</span> <span class='ocrx_word' id='word_1_77' title='bbox 1542 827 1632 872; x_wconf 80' lang='grc' dir='ltr'>τοὺς</span> <span class='ocrx_word' id='word_1_78' title='bbox 1668 826 1837 882; x_wconf 80' lang='grc' dir='ltr'>πένητας</span> 
     </span>
     <span class='ocr_line' id='line_1_11' title="bbox 199 902 1835 958; baseline -0.001 -13"><span class='ocrx_word' id='word_1_79' title='bbox 199 908 277 946; x_wconf 84' lang='grc' dir='ltr'>τῶν</span> <span class='ocrx_word' id='word_1_80' title='bbox 307 904 434 945; x_wconf 84' lang='grc' dir='ltr'>πολλὰ</span> <span class='ocrx_word' id='word_1_81' title='bbox 463 902 731 958; x_wconf 83' lang='grc' dir='ltr'>κεκτημένων·</span> <span class='ocrx_word' id='word_1_82' title='bbox 765 903 856 949; x_wconf 86' lang='grc' dir='ltr'>τοὺς</span> <span class='ocrx_word' id='word_1_83' title='bbox 877 903 947 957; x_wconf 85' lang='grc' dir='ltr'>μὲν</span> <span class='ocrx_word' id='word_1_84' title='bbox 967 904 1054 957; x_wconf 77' lang='grc' dir='ltr'>γάρ,</span> <span class='ocrx_word' id='word_1_85' title='bbox 1085 902 1135 957; x_wconf 81' lang='grc' dir='ltr'>ἣν</span> <span class='ocrx_word' id='word_1_86' title='bbox 1166 902 1392 944; x_wconf 82' lang='grc' dir='ltr'>παύσωνται</span> <span class='ocrx_word' id='word_1_87' title='bbox 1413 902 1650 957; x_wconf 85' lang='grc' dir='ltr'>προιέμενοι,</span> <span class='ocrx_word' id='word_1_88' title='bbox 1684 905 1835 957; x_wconf 82' lang='grc' dir='ltr'>μικρῶν</span> 
     </span>
     <span class='ocr_line' id='line_1_12' title="bbox 199 977 1838 1034; baseline -0.001 -14"><span class='ocrx_word' id='word_1_89' title='bbox 199 978 402 1034; x_wconf 87' lang='grc' dir='ltr'>προσόδων</span> <span class='ocrx_word' id='word_1_90' title='bbox 434 979 791 1034; x_wconf 78' lang='grc' dir='ltr'>ἀποστερήσεσθαι,</span> <span class='ocrx_word' id='word_1_91' title='bbox 823 978 912 1023; x_wconf 83' lang='grc' dir='ltr'>τοὺς</span> <span class='ocrx_word' id='word_1_92' title='bbox 942 977 970 1019; x_wconf 81' lang='grc' dir='ltr'>δ’</span> <span class='ocrx_word' id='word_1_93' title='bbox 1009 978 1056 1033; x_wconf 83' lang='grc' dir='ltr'>ἦν</span> <span class='ocrx_word' id='word_1_94' title='bbox 1089 977 1321 1032; x_wconf 81' lang='grc' dir='ltr'>ἀπορήσωσι</span> <span class='ocrx_word' id='word_1_95' title='bbox 1352 981 1430 1018; x_wconf 83' lang='grc' dir='ltr'>τῶν</span> <span class='ocrx_word' id='word_1_96' title='bbox 1461 977 1749 1033; x_wconf 84' lang='grc' dir='ltr'>ἐπαρκούντων,</span> <span class='ocrx_word' id='word_1_97' title='bbox 1781 978 1838 1022; x_wconf 87' lang='grc' dir='ltr'>εἰς</span> 
     </span>
     <span class='ocr_line' id='line_1_13' title="bbox 198 1052 1836 1111; baseline -0.001 -16"><span class='ocrx_word' id='word_1_98' title='bbox 198 1056 268 1110; x_wconf 84' lang='grc' dir='ltr'>τὴν</span> <span class='ocrx_word' id='word_1_99' title='bbox 299 1055 472 1111; x_wconf 82' lang='grc' dir='ltr'>ἐσχάτην</span> <span class='ocrx_word' id='word_1_100' title='bbox 494 1053 640 1096; x_wconf 85' lang='grc' dir='ltr'>ἔνδειαν</span> <span class='ocrx_word' id='word_1_101' title='bbox 671 1054 1000 1109; x_wconf 76' lang='grc' dir='ltr'>καταστήσεσθαι.</span> <span class='ocrx_word' id='word_1_102' title='bbox 1053 1054 1118 1096; x_wconf 85' lang='grc' dir='ltr'>καὶ</span> <span class='ocrx_word' id='word_1_103' title='bbox 1138 1055 1211 1108; x_wconf 79' lang='grc' dir='ltr'>γάρ</span> <span class='ocrx_word' id='word_1_104' title='bbox 1232 1069 1291 1095; x_wconf 86' lang='grc' dir='ltr'>τοι</span> <span class='ocrx_word' id='word_1_105' title='bbox 1312 1052 1375 1094; x_wconf 83' lang='grc' dir='ltr'>διὰ</span> <span class='ocrx_word' id='word_1_106' title='bbox 1397 1054 1467 1108; x_wconf 83' lang='grc' dir='ltr'>τὴν</span> <span class='ocrx_word' id='word_1_107' title='bbox 1497 1055 1658 1108; x_wconf 80' lang='grc' dir='ltr'>γνώμην</span> <span class='ocrx_word' id='word_1_108' title='bbox 1689 1052 1836 1108; x_wconf 82' lang='grc' dir='ltr'>ταύτην</span> 
     </span>
     <span class='ocr_line' id='line_1_14' title="bbox 198 1127 1837 1185; baseline -0.002 -13"><span class='ocrx_word' id='word_1_109' title='bbox 198 1130 359 1175; x_wconf 84' lang='grc' dir='ltr'>οὐδεὶς</span> <span class='ocrx_word' id='word_1_110' title='bbox 389 1128 481 1171; x_wconf 84' lang='grc' dir='ltr'>οὔτ’</span> <span class='ocrx_word' id='word_1_111' title='bbox 533 1130 865 1185; x_wconf 79' lang='grc' dir='ltr'>ἀπεκρύπτετο</span> <span class='ocrx_word' id='word_1_112' title='bbox 903 1130 987 1184; x_wconf 90' lang='grc' dir='ltr'>τὴν</span> <span class='ocrx_word' id='word_1_113' title='bbox 1024 1128 1188 1170; x_wconf 84' lang='grc' dir='ltr'>οὐσίαν</span> <span class='ocrx_word' id='word_1_114' title='bbox 1232 1127 1320 1170; x_wconf 82' lang='grc' dir='ltr'>οὔτ’</span> <span class='ocrx_word' id='word_1_115' title='bbox 1365 1128 1506 1170; x_wconf 84' lang='grc' dir='ltr'>ὤκνει</span> <span class='ocrx_word' id='word_1_116' title='bbox 1546 1128 1837 1183; x_wconf 84' lang='grc' dir='ltr'>συμβάλλειν</span> 
     </span>
     <span class='ocr_line' id='line_1_15' title="bbox 198 1201 1836 1260; baseline -0.002 -13"><span class='ocrx_word' id='word_1_117' title='bbox 198 1204 280 1247; x_wconf 85' lang='grc' dir='ltr'>ἀλλ’</span> <span class='ocrx_word' id='word_1_118' title='bbox 319 1207 428 1260; x_wconf 82' lang='grc' dir='ltr'>ἥδιον</span> <span class='ocrx_word' id='word_1_119' title='bbox 465 1205 602 1260; x_wconf 80' lang='grc' dir='ltr'>ἑώρων</span> <span class='ocrx_word' id='word_1_120' title='bbox 643 1204 733 1250; x_wconf 78' lang='grc' dir='ltr'>τοὺς</span> <span class='ocrx_word' id='word_1_121' title='bbox 770 1203 1067 1259; x_wconf 76' lang='grc' dir='ltr'>δανειζομένους</span> <span class='ocrx_word' id='word_1_122' title='bbox 1102 1204 1128 1259; x_wconf 90' lang='grc' dir='ltr'>ἢ</span> <span class='ocrx_word' id='word_1_123' title='bbox 1167 1203 1257 1248; x_wconf 80' lang='grc' dir='ltr'>τοὺς</span> <span class='ocrx_word' id='word_1_124' title='bbox 1294 1203 1563 1248; x_wconf 84' lang='grc' dir='ltr'>ἀποδιδόντας.</span> <span class='ocrx_word' id='word_1_125' title='bbox 1630 1201 1836 1259; x_wconf 86' lang='grc' dir='ltr'>ἀμφότερα</span> 
     </span>
     <span class='ocr_line' id='line_1_16' title="bbox 195 1278 1836 1337; baseline -0.001 -15"><span class='ocrx_word' id='word_1_126' title='bbox 195 1281 270 1337; x_wconf 84' lang='grc' dir='ltr'>γὰρ</span> <span class='ocrx_word' id='word_1_127' title='bbox 308 1281 439 1326; x_wconf 76' lang='grc' dir='ltr'>αὐτοῖς</span> <span class='ocrx_word' id='word_1_128' title='bbox 476 1280 698 1336; x_wconf 90' lang='grc' dir='ltr'>συνέβαινεν</span> <span class='ocrx_word' id='word_1_129' title='bbox 744 1280 845 1335; x_wconf 84' lang='grc' dir='ltr'>ἅπερ</span> <span class='ocrx_word' id='word_1_130' title='bbox 890 1279 936 1321; x_wconf 81' lang='grc' dir='ltr'>ἂν</span> <span class='ocrx_word' id='word_1_131' title='bbox 983 1280 1214 1335; x_wconf 79' lang='grc' dir='ltr'>βουληθεῖεν</span> <span class='ocrx_word' id='word_1_132' title='bbox 1261 1278 1463 1334; x_wconf 77' lang='grc' dir='ltr'>ἅνθρωποι</span> <span class='ocrx_word' id='word_1_133' title='bbox 1515 1281 1605 1320; x_wconf 85' lang='grc' dir='ltr'>νοῦν</span> <span class='ocrx_word' id='word_1_134' title='bbox 1657 1278 1836 1335; x_wconf 83' lang='grc' dir='ltr'>ἔχοντες·</span> 
     </span>
     <span class='ocr_line' id='line_1_17' title="bbox 197 1353 1836 1412; baseline -0.001 -14"><span class='ocrx_word' id='word_1_135' title='bbox 197 1357 291 1411; x_wconf 78' lang='grc' dir='ltr'>ἅμα</span> <span class='ocrx_word' id='word_1_136' title='bbox 320 1356 406 1412; x_wconf 77' lang='grc' dir='ltr'>γὰρ</span> <span class='ocrx_word' id='word_1_137' title='bbox 437 1356 542 1401; x_wconf 82' lang='grc' dir='ltr'>τούς</span> <span class='ocrx_word' id='word_1_138' title='bbox 562 1371 611 1396; x_wconf 92' lang='grc' dir='ltr'>τε</span> <span class='ocrx_word' id='word_1_139' title='bbox 632 1356 832 1400; x_wconf 88' lang='grc' dir='ltr'>πολίτας</span> <span class='ocrx_word' id='word_1_140' title='bbox 862 1354 1078 1410; x_wconf 80' lang='grc' dir='ltr'>ὠφέλουν</span> <span class='ocrx_word' id='word_1_141' title='bbox 1101 1356 1176 1397; x_wconf 86' lang='grc' dir='ltr'>καὶ</span> <span class='ocrx_word' id='word_1_142' title='bbox 1206 1354 1262 1396; x_wconf 84' lang='grc' dir='ltr'>τὰ</span> <span class='ocrx_word' id='word_1_143' title='bbox 1283 1353 1465 1409; x_wconf 87' lang='grc' dir='ltr'>σφέτερ’</span> <span class='ocrx_word' id='word_1_144' title='bbox 1494 1354 1650 1396; x_wconf 83' lang='grc' dir='ltr'>αὐτῶν</span> <span class='ocrx_word' id='word_1_145' title='bbox 1672 1355 1836 1410; x_wconf 79' lang='grc' dir='ltr'>ἐνεργὰ</span> 
     </span>
     <span class='ocr_line' id='line_1_18' title="bbox 195 1430 1837 1486; baseline -0.002 -12"><span class='ocrx_word' id='word_1_146' title='bbox 195 1432 506 1474; x_wconf 63' lang='grc' dir='ltr'>καθίστασαν</span> <span class='ocrx_word' id='word_1_147' title='bbox 567 1433 778 1486; x_wconf 84' lang='grc' dir='ltr'>κεφάλαιον</span> <span class='ocrx_word' id='word_1_148' title='bbox 810 1431 853 1472; x_wconf 86' lang='grc' dir='ltr'>δὲ</span> <span class='ocrx_word' id='word_1_149' title='bbox 883 1433 951 1472; x_wconf 82' lang='grc' dir='ltr'>τοῦ</span> <span class='ocrx_word' id='word_1_150' title='bbox 990 1433 1148 1476; x_wconf 83' lang='grc' dir='ltr'>καλῶς</span> <span class='ocrx_word' id='word_1_151' title='bbox 1188 1432 1398 1485; x_wconf 82' lang='grc' dir='ltr'>ὁμιλεῖν·</span> <span class='ocrx_word' id='word_1_152' title='bbox 1441 1431 1482 1472; x_wconf 84' lang='grc' dir='ltr'>αἱ</span> <span class='ocrx_word' id='word_1_153' title='bbox 1514 1431 1583 1485; x_wconf 86' lang='grc' dir='ltr'>μὲν</span> <span class='ocrx_word' id='word_1_154' title='bbox 1619 1430 1693 1485; x_wconf 84' lang='grc' dir='ltr'>γὰρ</span> <span class='ocrx_word' id='word_1_155' title='bbox 1729 1431 1837 1485; x_wconf 86' lang='grc' dir='ltr'>κτή-</span> 
     </span>
     <span class='ocr_line' id='line_1_19' title="bbox 195 1506 1835 1562; baseline -0.001 -13"><span class='ocrx_word' id='word_1_156' title='bbox 195 1521 294 1553; x_wconf 88' lang='grc' dir='ltr'>σεις</span> <span class='ocrx_word' id='word_1_157' title='bbox 325 1507 560 1562; x_wconf 82' lang='grc' dir='ltr'>ἀσφαλεῖς</span> <span class='ocrx_word' id='word_1_158' title='bbox 591 1506 706 1562; x_wconf 84' lang='grc' dir='ltr'>ἦσαν,</span> <span class='ocrx_word' id='word_1_159' title='bbox 737 1507 874 1561; x_wconf 85' lang='grc' dir='ltr'>οἷσπερ</span> <span class='ocrx_word' id='word_1_160' title='bbox 906 1507 1006 1548; x_wconf 80' lang='grc' dir='ltr'>κατὰ</span> <span class='ocrx_word' id='word_1_161' title='bbox 1037 1507 1080 1547; x_wconf 90' lang='grc' dir='ltr'>τὸ</span> <span class='ocrx_word' id='word_1_162' title='bbox 1103 1506 1247 1548; x_wconf 88' lang='grc' dir='ltr'>δίκαιον</span> <span class='ocrx_word' id='word_1_163' title='bbox 1279 1506 1474 1562; x_wconf 80' lang='grc' dir='ltr'>ὑπῆρχον,</span> <span class='ocrx_word' id='word_1_164' title='bbox 1505 1507 1545 1547; x_wconf 87' lang='grc' dir='ltr'>αἱ</span> <span class='ocrx_word' id='word_1_165' title='bbox 1568 1507 1612 1547; x_wconf 82' lang='grc' dir='ltr'>δὲ</span> <span class='ocrx_word' id='word_1_166' title='bbox 1633 1506 1835 1561; x_wconf 87' lang='grc' dir='ltr'>χρήσεις</span> 
     </span>
     <span class='ocr_line' id='line_1_20' title="bbox 193 1581 1836 1638; baseline 0 -14"><span class='ocrx_word' id='word_1_167' title='bbox 193 1584 346 1624; x_wconf 85' lang='grc' dir='ltr'>κοιναὶ</span> <span class='ocrx_word' id='word_1_168' title='bbox 376 1585 473 1624; x_wconf 84' lang='grc' dir='ltr'>πᾶσι</span> <span class='ocrx_word' id='word_1_169' title='bbox 503 1585 583 1627; x_wconf 88' lang='grc' dir='ltr'>τοῖς</span> <span class='ocrx_word' id='word_1_170' title='bbox 612 1581 812 1636; x_wconf 87' lang='grc' dir='ltr'>δεομένοις</span> <span class='ocrx_word' id='word_1_171' title='bbox 843 1585 920 1622; x_wconf 85' lang='grc' dir='ltr'>τῶν</span> <span class='ocrx_word' id='word_1_172' title='bbox 953 1583 1138 1623; x_wconf 82' lang='grc' dir='ltr'>πολιτῶν.</span> <span class='ocrx_word' id='word_1_173' title='bbox 1199 1581 1354 1624; x_wconf 86' lang='lat' dir='ltr'><strong>Totum</strong></span> <span class='ocrx_word' id='word_1_174' title='bbox 1387 1581 1497 1623; x_wconf 90' lang='lat' dir='ltr'><strong>hunc</strong></span> <span class='ocrx_word' id='word_1_175' title='bbox 1527 1581 1665 1623; x_wconf 88' lang='lat' dir='ltr'><strong>locum</strong></span> <span class='ocrx_word' id='word_1_176' title='bbox 1704 1595 1836 1638; x_wconf 85' lang='lat' dir='ltr'><strong>appo-</strong></span> 
     </span>
     <span class='ocr_line' id='line_1_21' title="bbox 194 1643 1835 1714; baseline -0.001 -14"><span class='ocrx_word' id='word_1_177' title='bbox 194 1657 272 1707; x_wconf 84' lang='lat' dir='ltr'><strong>sui,</strong></span> <span class='ocrx_word' id='word_1_178' title='bbox 305 1657 413 1714; x_wconf 93' lang='lat' dir='ltr'><strong>quod</strong></span> <span class='ocrx_word' id='word_1_179' title='bbox 445 1671 495 1699; x_wconf 86' lang='lat' dir='ltr'><strong>ea</strong></span> <span class='ocrx_word' id='word_1_180' title='bbox 525 1657 627 1714; x_wconf 89' lang='lat' dir='ltr'><strong>ipsa,</strong></span> <span class='ocrx_word' id='word_1_181' title='bbox 660 1671 836 1713; x_wconf 92' lang='lat' dir='ltr'><strong>quorum</strong></span> <span class='ocrx_word' id='word_1_182' title='bbox 859 1657 1035 1711; x_wconf 87' lang='lat' dir='ltr'><strong>vestigia</strong></span> <span class='ocrx_word' id='word_1_183' title='bbox 1065 1657 1109 1699; x_wconf 90' lang='lat' dir='ltr'>in</span> <span class='ocrx_word' id='word_1_184' title='bbox 1131 1657 1274 1699; x_wconf 86' lang='lat' dir='ltr'><strong>fabula</strong></span> <span class='ocrx_word' id='word_1_185' title='bbox 1297 1656 1568 1712; x_wconf 84' lang='lat' dir='ltr'><strong>Antiphontis</strong></span> <span class='ocrx_word' id='word_1_186' title='bbox 1589 1643 1835 1711; x_wconf 71' lang='lat' dir='ltr'>fragmentis</span> 
     </span>
     <span class='ocr_line' id='line_1_22' title="bbox 191 1731 1837 1788; baseline -0.001 -14"><span class='ocrx_word' id='word_1_187' title='bbox 191 1731 276 1775; x_wconf 86' lang='lat' dir='ltr'><strong>illis</strong></span> <span class='ocrx_word' id='word_1_188' title='bbox 313 1732 541 1775; x_wconf 83' lang='lat' dir='ltr'><strong>Democriti</strong></span> <span class='ocrx_word' id='word_1_189' title='bbox 587 1737 628 1775; x_wconf 89' lang='lat' dir='ltr'>et</span> <span class='ocrx_word' id='word_1_190' title='bbox 668 1733 879 1788; x_wconf 90' lang='lat' dir='ltr'>Anonymi</span> <span class='ocrx_word' id='word_1_191' title='bbox 922 1731 1167 1775; x_wconf 87' lang='lat' dir='ltr'><strong>Iamblichei</strong></span> <span class='ocrx_word' id='word_1_192' title='bbox 1219 1732 1420 1774; x_wconf 87' lang='lat' dir='ltr'><strong>adhibitis</strong></span> <span class='ocrx_word' id='word_1_193' title='bbox 1464 1731 1729 1784; x_wconf 81' lang='lat' dir='ltr'><strong>invenimus,</strong></span> <span class='ocrx_word' id='word_1_194' title='bbox 1782 1731 1837 1773; x_wconf 89' lang='lat' dir='ltr'>ab</span> 
     </span>
     <span class='ocr_line' id='line_1_23' title="bbox 192 1807 1833 1864; baseline -0.001 -14"><span class='ocrx_word' id='word_1_195' title='bbox 192 1807 372 1850; x_wconf 84' lang='lat' dir='ltr'><strong>Isocrate</strong></span> <span class='ocrx_word' id='word_1_196' title='bbox 394 1808 525 1850; x_wconf 82' lang='lat' dir='ltr'><strong>fusius</strong></span> <span class='ocrx_word' id='word_1_197' title='bbox 547 1812 830 1864; x_wconf 86' lang='lat' dir='ltr'><strong>exponuntur.</strong></span> <span class='ocrx_word' id='word_1_198' title='bbox 897 1807 956 1849; x_wconf 85' lang='lat' dir='ltr'>Ex</span> <span class='ocrx_word' id='word_1_199' title='bbox 986 1808 1138 1863; x_wconf 86' lang='lat' dir='ltr'><strong>quibus</strong></span> <span class='ocrx_word' id='word_1_200' title='bbox 1174 1814 1351 1864; x_wconf 83' lang='lat' dir='ltr'><strong>apparet</strong></span> <span class='ocrx_word' id='word_1_201' title='bbox 1381 1807 1605 1850; x_wconf 84' lang='lat' dir='ltr'><strong>Isocratem</strong></span> <span class='ocrx_word' id='word_1_202' title='bbox 1634 1821 1716 1849; x_wconf 90' lang='lat' dir='ltr'>non</span> <span class='ocrx_word' id='word_1_203' title='bbox 1745 1811 1833 1849; x_wconf 85' lang='lat' dir='ltr'>tam</span> 
     </span>
     <span class='ocr_line' id='line_1_24' title="bbox 189 1882 1831 1939; baseline -0.001 -14"><span class='ocrx_word' id='word_1_204' title='bbox 189 1897 287 1925; x_wconf 83' lang='lat' dir='ltr'><strong>suas</strong></span> <span class='ocrx_word' id='word_1_205' title='bbox 317 1896 443 1938; x_wconf 85' lang='lat' dir='ltr'><strong>quam</strong></span> <span class='ocrx_word' id='word_1_206' title='bbox 477 1884 658 1939; x_wconf 87' lang='lat' dir='ltr'><strong>priorum</strong></span> <span class='ocrx_word' id='word_1_207' title='bbox 690 1883 916 1926; x_wconf 82' lang='lat' dir='ltr'><strong>sententias</strong></span> <span class='ocrx_word' id='word_1_208' title='bbox 947 1883 1179 1939; x_wconf 87' lang='lat' dir='ltr'><strong>protulisse.</strong></span> <span class='ocrx_word' id='word_1_209' title='bbox 1243 1883 1389 1939; x_wconf 85' lang='lat' dir='ltr'><strong>Itaque</strong></span> <span class='ocrx_word' id='word_1_210' title='bbox 1420 1896 1495 1925; x_wconf 87' lang='lat' dir='ltr'><strong>nos</strong></span> <span class='ocrx_word' id='word_1_211' title='bbox 1527 1882 1602 1924; x_wconf 91' lang='lat' dir='ltr'>hoc</span> <span class='ocrx_word' id='word_1_212' title='bbox 1634 1882 1723 1924; x_wconf 88' lang='lat' dir='ltr'><strong>loco</strong></span> <span class='ocrx_word' id='word_1_213' title='bbox 1757 1895 1831 1937; x_wconf 90' lang='lat' dir='ltr'>po-</span> 
     </span>
     <span class='ocr_line' id='line_1_25' title="bbox 192 1957 1835 2014; baseline -0.001 -14"><span class='ocrx_word' id='word_1_214' title='bbox 192 1958 403 2001; x_wconf 88' lang='lat' dir='ltr'><strong>tissimum</strong></span> <span class='ocrx_word' id='word_1_215' title='bbox 436 1959 513 2001; x_wconf 89' lang='lat' dir='ltr'><strong>niti</strong></span> <span class='ocrx_word' id='word_1_216' title='bbox 545 1958 687 2000; x_wconf 88' lang='lat' dir='ltr'><strong>licebit</strong></span> <span class='ocrx_word' id='word_1_217' title='bbox 725 1958 777 2000; x_wconf 87' lang='lat' dir='ltr'>ad</span> <span class='ocrx_word' id='word_1_218' title='bbox 817 1972 865 2000; x_wconf 86' lang='lat' dir='ltr'><strong>ea</strong></span> <span class='ocrx_word' id='word_1_219' title='bbox 903 1972 1010 2014; x_wconf 88' lang='lat' dir='ltr'><strong>quae</strong></span> <span class='ocrx_word' id='word_1_220' title='bbox 1048 1958 1098 2000; x_wconf 88' lang='lat' dir='ltr'><strong>de</strong></span> <span class='ocrx_word' id='word_1_221' title='bbox 1129 1958 1404 2014; x_wconf 80' lang='lat' dir='ltr'><strong>Antiphontis</strong></span> <span class='ocrx_word' id='word_1_222' title='bbox 1440 1957 1612 2000; x_wconf 90' lang='lat' dir='ltr'><strong>consilio</strong></span> <span class='ocrx_word' id='word_1_223' title='bbox 1650 1957 1835 1999; x_wconf 78' lang='lat' dir='ltr'><strong>diximus</strong></span> 
     </span>
     <span class='ocr_line' id='line_1_26' title="bbox 192 2033 1833 2089; baseline -0.001 -13"><span class='ocrx_word' id='word_1_224' title='bbox 192 2033 491 2076; x_wconf 80' lang='lat' dir='ltr'>confirmanda.</span> <span class='ocrx_word' id='word_1_225' title='bbox 557 2034 665 2076; x_wconf 87' lang='lat' dir='ltr'>Nam</span> <span class='ocrx_word' id='word_1_226' title='bbox 699 2034 899 2076; x_wconf 86' lang='lat' dir='ltr'><strong>Isocrates</strong></span> <span class='ocrx_word' id='word_1_227' title='bbox 929 2047 1012 2076; x_wconf 89' lang='lat' dir='ltr'>non</span> <span class='ocrx_word' id='word_1_228' title='bbox 1041 2033 1176 2076; x_wconf 81' lang='lat' dir='ltr'><strong>solum</strong></span> <span class='ocrx_word' id='word_1_229' title='bbox 1210 2034 1473 2089; x_wconf 87' lang='lat' dir='ltr'><strong>publicarum</strong></span> <span class='ocrx_word' id='word_1_230' title='bbox 1494 2033 1567 2075; x_wconf 90' lang='lat' dir='ltr'>sed</span> <span class='ocrx_word' id='word_1_231' title='bbox 1594 2034 1724 2075; x_wconf 85' lang='lat' dir='ltr'><strong>etiam</strong></span> <span class='ocrx_word' id='word_1_232' title='bbox 1746 2033 1833 2089; x_wconf 88' lang='lat' dir='ltr'><strong>pri·-</strong></span> 
     </span>
     <span class='ocr_line' id='line_1_27' title="bbox 191 2108 1830 2152; baseline -0.001 -1"><span class='ocrx_word' id='word_1_233' title='bbox 191 2114 383 2151; x_wconf 86' lang='lat' dir='ltr'><strong>vatarum</strong></span> <span class='ocrx_word' id='word_1_234' title='bbox 429 2123 566 2152; x_wconf 85' lang='lat' dir='ltr'><strong>rerum</strong></span> <span class='ocrx_word' id='word_1_235' title='bbox 612 2108 912 2151; x_wconf 84' lang='lat' dir='ltr'><strong>communitate</strong></span> <span class='ocrx_word' id='word_1_236' title='bbox 957 2108 1070 2151; x_wconf 88' lang='lat' dir='ltr'><strong>cives</strong></span> <span class='ocrx_word' id='word_1_237' title='bbox 1113 2109 1225 2151; x_wconf 86' lang='lat' dir='ltr'><strong>inter</strong></span> <span class='ocrx_word' id='word_1_238' title='bbox 1265 2122 1308 2151; x_wconf 91' lang='lat' dir='ltr'>se</span> <span class='ocrx_word' id='word_1_239' title='bbox 1353 2109 1531 2152; x_wconf 84' lang='lat' dir='ltr'><strong>sociatos</strong></span> <span class='ocrx_word' id='word_1_240' title='bbox 1586 2123 1675 2151; x_wconf 89' lang='lat' dir='ltr'><strong>esse</strong></span> <span class='ocrx_word' id='word_1_241' title='bbox 1725 2108 1830 2150; x_wconf 91' lang='lat' dir='ltr'><strong>vult.</strong></span> 
     </span>
     <span class='ocr_line' id='line_1_28' title="bbox 192 2183 1824 2240; baseline -0.001 -14"><span class='ocrx_word' id='word_1_242' title='bbox 192 2183 319 2227; x_wconf 83' lang='lat' dir='ltr'><strong>Nulla</strong></span> <span class='ocrx_word' id='word_1_243' title='bbox 349 2189 491 2227; x_wconf 85' lang='lat' dir='ltr'><strong>autem</strong></span> <span class='ocrx_word' id='word_1_244' title='bbox 524 2198 567 2226; x_wconf 89' lang='lat' dir='ltr'><strong>re</strong></span> <span class='ocrx_word' id='word_1_245' title='bbox 599 2184 863 2227; x_wconf 82' lang='lat' dir='ltr'><strong>concordiam</strong></span> <span class='ocrx_word' id='word_1_246' title='bbox 901 2190 943 2226; x_wconf 90' lang='lat' dir='ltr'>et</span> <span class='ocrx_word' id='word_1_247' title='bbox 979 2184 1325 2226; x_wconf 83' lang='lat' dir='ltr'><strong>communitatem</strong></span> <span class='ocrx_word' id='word_1_248' title='bbox 1362 2186 1493 2240; x_wconf 80' lang='lat' dir='ltr'><strong>magis</strong></span> <span class='ocrx_word' id='word_1_249' title='bbox 1532 2184 1675 2239; x_wconf 82' lang='lat' dir='ltr'><strong>augeri</strong></span> <span class='ocrx_word' id='word_1_250' title='bbox 1707 2183 1824 2232; x_wconf 88' lang='lat' dir='ltr'><strong>dicit,</strong></span> 
     </span>
     <span class='ocr_line' id='line_1_29' title="bbox 191 2258 1832 2316; baseline -0.001 -14"><span class='ocrx_word' id='word_1_251' title='bbox 191 2273 316 2316; x_wconf 79' lang='lat' dir='ltr'><strong>quam</strong></span> <span class='ocrx_word' id='word_1_252' title='bbox 346 2260 382 2302; x_wconf 89' lang='lat' dir='ltr'><strong>si</strong></span> <span class='ocrx_word' id='word_1_253' title='bbox 412 2259 535 2302; x_wconf 86' lang='lat' dir='ltr'><strong>fldem</strong></span> <span class='ocrx_word' id='word_1_254' title='bbox 569 2260 679 2302; x_wconf 88' lang='lat' dir='ltr'><strong>inter</strong></span> <span class='ocrx_word' id='word_1_255' title='bbox 707 2274 751 2301; x_wconf 89' lang='lat' dir='ltr'>se</span> <span class='ocrx_word' id='word_1_256' title='bbox 781 2259 982 2302; x_wconf 82' lang='lat' dir='ltr'><strong>habentes</strong></span> <span class='ocrx_word' id='word_1_257' title='bbox 1014 2259 1164 2302; x_wconf 85' lang='lat' dir='ltr'><strong>divites</strong></span> <span class='ocrx_word' id='word_1_258' title='bbox 1199 2260 1306 2302; x_wconf 89' lang='lat' dir='ltr'><strong>bona</strong></span> <span class='ocrx_word' id='word_1_259' title='bbox 1334 2273 1411 2302; x_wconf 87' lang='lat' dir='ltr'><strong>sua</strong></span> <span class='ocrx_word' id='word_1_260' title='bbox 1433 2259 1651 2314; x_wconf 83' lang='lat' dir='ltr'><strong>egentibus</strong></span> <span class='ocrx_word' id='word_1_261' title='bbox 1674 2258 1832 2301; x_wconf 87' lang='lat' dir='ltr'><strong>utenda</strong></span> 
     </span>
     <span class='ocr_line' id='line_1_30' title="bbox 191 2326 1833 2391; baseline -0.001 -14"><span class='ocrx_word' id='word_1_262' title='bbox 191 2335 291 2378; x_wconf 90' lang='lat' dir='ltr'><strong>dent</strong></span> <span class='ocrx_word' id='word_1_263' title='bbox 322 2348 456 2390; x_wconf 87' lang='lat' dir='ltr'><strong>neque</strong></span> <span class='ocrx_word' id='word_1_264' title='bbox 488 2335 707 2391; x_wconf 88' lang='lat' dir='ltr'><strong>pecuniam</strong></span> <span class='ocrx_word' id='word_1_265' title='bbox 740 2334 854 2377; x_wconf 91' lang='lat' dir='ltr'><strong>domi</strong></span> <span class='ocrx_word' id='word_1_266' title='bbox 885 2326 1125 2377; x_wconf 45' lang='lat' dir='ltr'><strong>retineant(</strong></span> <span class='ocrx_word' id='word_1_267' title='bbox 1175 2335 1334 2390; x_wconf 86' lang='lat' dir='ltr'><strong>Itaque,</strong></span> <span class='ocrx_word' id='word_1_268' title='bbox 1369 2349 1465 2377; x_wconf 90' lang='lat' dir='ltr'>cum</span> <span class='ocrx_word' id='word_1_269' title='bbox 1502 2335 1736 2377; x_wconf 90' lang='lat' dir='ltr'><strong>communis</strong></span> <span class='ocrx_word' id='word_1_270' title='bbox 1775 2334 1833 2376; x_wconf 87' lang='lat' dir='ltr'>sit</span> 
     </span>
     <span class='ocr_line' id='line_1_31' title="bbox 191 2410 1829 2467; baseline -0.001 -15"><span class='ocrx_word' id='word_1_271' title='bbox 191 2424 330 2453; x_wconf 84' lang='lat' dir='ltr'><strong>rerum</strong></span> <span class='ocrx_word' id='word_1_272' title='bbox 375 2423 486 2463; x_wconf 87' lang='lat' dir='ltr'><strong>usus,</strong></span> <span class='ocrx_word' id='word_1_273' title='bbox 531 2415 572 2452; x_wconf 89' lang='lat' dir='ltr'>et</span> <span class='ocrx_word' id='word_1_274' title='bbox 618 2410 796 2452; x_wconf 84' lang='lat' dir='ltr'>aliorum</span> <span class='ocrx_word' id='word_1_275' title='bbox 843 2417 885 2453; x_wconf 94' lang='lat' dir='ltr'>et</span> <span class='ocrx_word' id='word_1_276' title='bbox 926 2424 1002 2453; x_wconf 90' lang='lat' dir='ltr'><strong>suo</strong></span> <span class='ocrx_word' id='word_1_277' title='bbox 1057 2424 1264 2467; x_wconf 88' lang='lat' dir='ltr'><strong>quemque</strong></span> <span class='ocrx_word' id='word_1_278' title='bbox 1317 2410 1536 2454; x_wconf 89' lang='lat' dir='ltr'><strong>commodo</strong></span> <span class='ocrx_word' id='word_1_279' title='bbox 1584 2410 1829 2466; x_wconf 84' lang='lat' dir='ltr'><strong>prospicere.</strong></span> 
     </span>
     <span class='ocr_line' id='line_1_32' title="bbox 191 2484 1833 2539; baseline 0 -12"><span class='ocrx_word' id='word_1_280' title='bbox 191 2484 374 2528; x_wconf 85' lang='lat' dir='ltr'><strong>Eandem</strong></span> <span class='ocrx_word' id='word_1_281' title='bbox 421 2485 531 2527; x_wconf 88' lang='lat' dir='ltr'><strong>enim</strong></span> <span class='ocrx_word' id='word_1_282' title='bbox 571 2485 771 2528; x_wconf 87' lang='lat' dir='ltr'><strong>Isocrates</strong></span> <span class='ocrx_word' id='word_1_283' title='bbox 815 2485 965 2527; x_wconf 84' lang='lat' dir='ltr'><strong>statuit</strong></span> <span class='ocrx_word' id='word_1_284' title='bbox 1010 2499 1097 2528; x_wconf 87' lang='lat' dir='ltr'><strong>esse</strong></span> <span class='ocrx_word' id='word_1_285' title='bbox 1141 2485 1369 2528; x_wconf 85' lang='lat' dir='ltr'><strong>utilitatem</strong></span> <span class='ocrx_word' id='word_1_286' title='bbox 1415 2485 1747 2539; x_wconf 83' lang='lat' dir='ltr'><strong>uniuscuiusque</strong></span> <span class='ocrx_word' id='word_1_287' title='bbox 1790 2490 1833 2527; x_wconf 87' lang='lat' dir='ltr'>et</span> 
     </span>
     <span class='ocr_line' id='line_1_33' title="bbox 192 2559 1830 2616; baseline -0.001 -13"><span class='ocrx_word' id='word_1_288' title='bbox 192 2560 495 2603; x_wconf 82' lang='lat' dir='ltr'><strong>universorum.</strong></span> <span class='ocrx_word' id='word_1_289' title='bbox 556 2560 692 2611; x_wconf 81' lang='lat' dir='ltr'><strong>Quid?</strong></span> <span class='ocrx_word' id='word_1_290' title='bbox 723 2560 917 2603; x_wconf 90' lang='lat' dir='ltr'><strong>omnibus</strong></span> <span class='ocrx_word' id='word_1_291' title='bbox 937 2560 1000 2603; x_wconf 90' lang='lat' dir='ltr'><strong>his</strong></span> <span class='ocrx_word' id='word_1_292' title='bbox 1023 2561 1160 2615; x_wconf 87' lang='lat' dir='ltr'><strong>rebus,</strong></span> <span class='ocrx_word' id='word_1_293' title='bbox 1194 2567 1398 2616; x_wconf 88' lang='lat' dir='ltr'><strong>quantum</strong></span> <span class='ocrx_word' id='word_1_294' title='bbox 1422 2575 1472 2603; x_wconf 85' lang='lat' dir='ltr'><strong>ex</strong></span> <span class='ocrx_word' id='word_1_295' title='bbox 1494 2560 1638 2602; x_wconf 82' lang='lat' dir='ltr'><strong>sabula</strong></span> <span class='ocrx_word' id='word_1_296' title='bbox 1659 2559 1830 2616; x_wconf 89' lang='lat' dir='ltr'><strong>quidem</strong></span> 
     </span>
     <span class='ocr_line' id='line_1_34' title="bbox 191 2634 1728 2692; baseline 0 -15"><span class='ocrx_word' id='word_1_297' title='bbox 191 2641 234 2678; x_wconf 86' lang='lat' dir='ltr'>et</span> <span class='ocrx_word' id='word_1_298' title='bbox 264 2649 314 2678; x_wconf 84' lang='lat' dir='ltr'><strong>ex</strong></span> <span class='ocrx_word' id='word_1_299' title='bbox 345 2635 395 2678; x_wconf 79' lang='lat' dir='ltr'>fr.</span> <span class='ocrx_word' id='word_1_300' title='bbox 426 2635 482 2678; x_wconf 81' lang='lat'>58</span> <span class='ocrx_word' id='word_1_301' title='bbox 511 2635 699 2690; x_wconf 83' lang='lat' dir='ltr'><strong>intellegi</strong></span> <span class='ocrx_word' id='word_1_302' title='bbox 731 2641 880 2692; x_wconf 88' lang='lat' dir='ltr'><strong>potest,</strong></span> <span class='ocrx_word' id='word_1_303' title='bbox 910 2650 1048 2678; x_wconf 90' lang='lat' dir='ltr'><strong>nonne</strong></span> <span class='ocrx_word' id='word_1_304' title='bbox 1080 2650 1175 2678; x_wconf 91' lang='lat' dir='ltr'>cum</span> <span class='ocrx_word' id='word_1_305' title='bbox 1207 2636 1467 2692; x_wconf 85' lang='lat' dir='ltr'><strong>Antiphonte</strong></span> <span class='ocrx_word' id='word_1_306' title='bbox 1497 2634 1728 2679; x_wconf 86' lang='lat' dir='ltr'><strong>consentit?</strong></span> 
     </span>
     <span class='ocr_line' id='line_1_35' title="bbox 307 2710 1829 2767; baseline -0.001 -14"><span class='ocrx_word' id='word_1_307' title='bbox 307 2711 397 2767; x_wconf 84' lang='lat' dir='ltr'><strong>Ipse</strong></span> <span class='ocrx_word' id='word_1_308' title='bbox 428 2724 595 2767; x_wconf 87' lang='lat' dir='ltr'><strong>quoque</strong></span> <span class='ocrx_word' id='word_1_309' title='bbox 627 2710 870 2753; x_wconf 88' lang='lat' dir='ltr'><strong>Aristoteles</strong></span> <span class='ocrx_word' id='word_1_310' title='bbox 902 2711 954 2753; x_wconf 87' lang='lat' dir='ltr'><strong>de</strong></span> <span class='ocrx_word' id='word_1_311' title='bbox 985 2725 1061 2753; x_wconf 87' lang='lat' dir='ltr'><strong>usu</strong></span> <span class='ocrx_word' id='word_1_312' title='bbox 1094 2711 1294 2755; x_wconf 89' lang='lat' dir='ltr'><strong>bonorum</strong></span> <span class='ocrx_word' id='word_1_313' title='bbox 1338 2711 1537 2767; x_wconf 83' lang='lat' dir='ltr'><strong>disputat,</strong></span> <span class='ocrx_word' id='word_1_314' title='bbox 1577 2723 1700 2766; x_wconf 87' lang='lat' dir='ltr'><strong>quem</strong></span> <span class='ocrx_word' id='word_1_315' title='bbox 1738 2723 1829 2752; x_wconf 85' lang='lat' dir='ltr'>ma-</span> 
     </span>
     <span class='ocr_line' id='line_1_36' title="bbox 191 2783 1829 2842; baseline -0.001 -14"><span class='ocrx_word' id='word_1_316' title='bbox 191 2785 295 2829; x_wconf 88' lang='lat' dir='ltr'><strong>ximi</strong></span> <span class='ocrx_word' id='word_1_317' title='bbox 327 2786 530 2829; x_wconf 89' lang='lat' dir='ltr'><strong>momenti</strong></span> <span class='ocrx_word' id='word_1_318' title='bbox 552 2785 604 2828; x_wconf 85' lang='lat' dir='ltr'>ad</span> <span class='ocrx_word' id='word_1_319' title='bbox 625 2786 807 2829; x_wconf 83' lang='lat' dir='ltr'><strong>salutem</strong></span> <span class='ocrx_word' id='word_1_320' title='bbox 839 2787 896 2829; x_wconf 89' lang='lat' dir='ltr'><strong>rei</strong></span> <span class='ocrx_word' id='word_1_321' title='bbox 923 2786 1114 2842; x_wconf 83' lang='lat' dir='ltr'><strong>publicae</strong></span> <span class='ocrx_word' id='word_1_322' title='bbox 1158 2800 1246 2829; x_wconf 85' lang='lat' dir='ltr'><strong>esse</strong></span> <span class='ocrx_word' id='word_1_323' title='bbox 1276 2784 1555 2842; x_wconf 74' lang='lat' dir='ltr'><strong>existimat¹⁸)</strong></span> <span class='ocrx_word' id='word_1_324' title='bbox 1596 2784 1706 2840; x_wconf 87' lang='lat' dir='ltr'><strong>(Pol.</strong></span> <span class='ocrx_word' id='word_1_325' title='bbox 1728 2783 1765 2827; x_wconf 84' lang='lat' dir='ltr'><strong>H</strong></span> <span class='ocrx_word' id='word_1_326' title='bbox 1788 2786 1829 2828; x_wconf 79' lang='grc' dir='ltr'>ὁ.</span> 
     </span>
    </p>
   </div>
   <div class='ocr_carea' id='block_1_4' title="bbox 311 2930 1829 3024">
    <p class='ocr_par' dir='ltr' id='par_1_4' title="bbox 311 2930 1829 3024">
     <span class='ocr_line' id='line_1_37' title="bbox 311 2930 1829 2975; baseline -0.001 -8"><span class='ocrx_word' id='word_1_327' title='bbox 311 2932 354 2974; x_wconf 79' lang='lat'>⁸²)</span> <span class='ocrx_word' id='word_1_328' title='bbox 379 2932 423 2967; x_wconf 65' lang='lat' dir='ltr'>cf.</span> <span class='ocrx_word' id='word_1_329' title='bbox 451 2930 682 2974; x_wconf 76' lang='lat' dir='ltr'><strong>Poehlmann‚</strong></span> <span class='ocrx_word' id='word_1_330' title='bbox 708 2930 836 2967; x_wconf 84' lang='lat' dir='ltr'><strong>Gesch.</strong></span> <span class='ocrx_word' id='word_1_331' title='bbox 863 2932 896 2967; x_wconf 89' lang='lat' dir='ltr'>d.</span> <span class='ocrx_word' id='word_1_332' title='bbox 916 2936 990 2967; x_wconf 82' lang='lat' dir='ltr'><strong>ant.</strong></span> <span class='ocrx_word' id='word_1_333' title='bbox 1011 2931 1300 2968; x_wconf 84' lang='lat' dir='ltr'><strong>Kommunismus</strong></span> <span class='ocrx_word' id='word_1_334' title='bbox 1320 2943 1355 2967; x_wconf 88' lang='lat' dir='ltr'>u.</span> <span class='ocrx_word' id='word_1_335' title='bbox 1374 2931 1603 2967; x_wconf 74' lang='lat' dir='ltr'><strong>Sozialismus</strong></span> <span class='ocrx_word' id='word_1_336' title='bbox 1631 2930 1645 2966; x_wconf 94' lang='lat'>1</span> <span class='ocrx_word' id='word_1_337' title='bbox 1665 2941 1704 2975; x_wconf 88' lang='lat' dir='ltr'>p.</span> <span class='ocrx_word' id='word_1_338' title='bbox 1727 2930 1829 2975; x_wconf 73' lang='lat' dir='ltr'><strong>55sq.</strong></span> 
     </span>
     <span class='ocr_line' id='line_1_38' title="bbox 1579 2989 1600 3024; baseline 0 0"><span class='ocrx_word' id='word_1_339' title='bbox 1579 2989 1600 3024; x_wconf 75' lang='lat'><strong>2</strong></span> 
     </span>
    </p>
   </div>
  </div>
 </body>
</html>
