2170 3412
1027 230 1310 270 —50—

467 343 527 385 Fr.
561 343 615 385 58
649 343 767 398 θυμῷ
801 343 1033 398 χαρίζεσθαι
1064 356 1145 384 non
1174 347 1236 384 est
1262 342 1500 385 iracundiae
1521 341 1733 398 indulgere
1752 344 1832 399 (sic
1852 344 1982 402 Saup-

348 419 443 474 pius
474 418 500 459 l.
533 432 566 459 c.
600 431 638 472 p.
670 416 781 471 522),
826 416 898 458 sed
936 415 1062 469 θυμός
1098 415 1228 457 animi
1264 415 1469 471 impetum
1499 416 1588 458 sive
1618 417 1890 472 cupiditatem
1927 419 1981 461 si·

349 492 516 546 gnificat
544 491 615 544 (cf.
641 489 768 541 Diels,
804 489 993 531 Vorsok.‘¹
1021 490 1036 530 I
1072 503 1110 544 p.
1137 489 1267 543 VIII).
1329 489 1449 531 Hunc
1481 490 1747 532 vetustiorem
1788 492 1979 535 vocabuli

348 579 469 608 usum
507 579 589 607 non
621 564 755 606 solum
795 563 907 619 apud
946 564 1106 605 Ionicos
1145 562 1307 606 Heracl.
1350 563 1397 604 fr.
1429 562 1484 605 85
1522 568 1563 605 et
1594 562 1783 606 Democr.
1815 566 1862 607 i'r.
1895 566 1979 608 236

345 641 416 683 sed
448 640 573 682 etiam
607 639 716 695 apud
749 638 924 693 tragicos
955 638 1206 689 invenimus,
1238 639 1288 680 cf.
1324 637 1462 693 Eurip.
1496 637 1603 680 Med.
1641 638 1747 681 1079
1778 640 1906 693 θυμὸς
1935 640 1980 683 δὲ

346 714 534 768 κρείσσων
566 717 644 754 τῶν
677 713 783 766 ἐμῶν
816 713 1107 768 βουλευμάτων,
1141 711 1262 767 ὅσπερ
1294 711 1486 766 μεγίστων
1518 711 1638 757 αἴτιος
1659 716 1790 753 κακῶν
1811 713 1977 768 βροτοῖς.

346 788 469 843 Soph.
504 787 563 829 ΕΙ.
597 787 677 829 331
711 787 852 842 θυμῷ
886 787 1039 841 ματαίῳ
1072 786 1125 840 μὴ
1159 786 1447 842 χαρίζεσθαι
1478 786 1583 837 κενοί,
1616 786 1692 828 hoc
1723 786 1812 829 loco
1835 800 1979 830 vocem

344 863 491 904 latiore
522 875 645 904 sensu
682 860 875 915 usurpari
912 860 977 902 vel
1019 874 1067 902 ex
1099 859 1252 914 Theog.
1291 874 1330 901 v.
1367 859 1475 902 1223
1513 873 1591 914 sq.‚
1629 874 1753 915 quem
1785 859 1978 916 Sophocli

344 937 482 978 animo
515 936 781 977 observatum
812 948 898 976 esse
930 934 1176 989 suspicatur,
1211 933 1426 975 Kaibelius
1457 933 1695 987 intellegere
1722 931 1975 988 debuit¹⁰⁸)2

344 1010 469 1061 οὐδέν,
504 1008 639 1064 Rufi,
678 1009 797 1064 ὀργῆς
833 1010 1084 1063 ἀδικώτερον,
1123 1008 1148 1063 ἢ
1189 1008 1253 1048 τὸν
1294 1005 1437 1063 ἔχοντα
1475 1008 1660 1062 πημαίνει
1696 1007 1830 1061 θυμῷ
1867 1005 1976 1048 δειλὰ

344 1083 655 1140 χαριζομένη.
719 1083 864 1137 Neque
898 1082 1018 1124 aliter
1049 1082 1091 1124 in
1124 1095 1247 1138 prosa
1279 1082 1464 1123 oratione
1496 1084 1595 1123 Ant.
1631 1081 1719 1133 Rh„
1750 1093 1846 1122 cum
1867 1087 1975 1122 tem·

343 1159 578 1214 perantiam
610 1161 687 1198 τῶν
719 1156 992 1212 πρεσβυτέρων
1025 1156 1212 1211 opponit,
1243 1155 1334 1200 τοὺς
1365 1155 1579 1210 νεωτέρους
1610 1155 1711 1196 dicit
1746 1156 1802 1210 τῷ
1836 1155 1973 1210 θυμῷ

342 1232 627 1288 χαρίζεσθαι
665 1232 796 1285 (Tetr.
837 1230 891 1285 Γγ
922 1231 980 1285 2),
1025 1231 1075 1272 cf.
1099 1231 1157 1283 Αγ
1194 1230 1219 1272 3
1258 1229 1495 1284 σωφρονίσαι
1538 1230 1582 1270 τὸ
1622 1228 1869 1282 θυμούμενον
1905 1229 1976 1282 τῆς

341 1309 499 1361 γνώμης
531 1306 659 1347 Thuc.
695 1305 773 1346 VII
790 1304 858 1346 68.
920 1305 1127 1358 Theognis
1159 1303 1283 1358 θυμόν
1316 1309 1357 1345 et
1389 1304 1474 1344 νόον
1507 1303 1616 1345 inter
1645 1317 1688 1344 se
1726 1302 1900 1359 opponit
1935 1315 1974 1344 v.

341 1381 445 1422 631:
478 1378 584 1436 ᾧτινι
617 1380 670 1434 μὴ
703 1381 833 1432 θυμοῦ
866 1379 1041 1433 κρέσσων
1074 1377 1175 1430 νόος,
1206 1378 1287 1419 αἰὲν
1327 1378 1367 1418 ἐν
1400 1377 1522 1430 ἄταις,
1559 1379 1610 1419 cf.
1643 1376 1785 1432 Epich.
1823 1377 1871 1418 fix
1902 1375 1972 1419 43.

457 1455 526 1496 Fr.
545 1455 599 1496 58
623 1454 731 1495 θέλει
759 1467 831 1509 pro
854 1453 1032 1508 βούλεται
1055 1452 1119 1494 vel
1141 1455 1393 1507 προαιρεῖται.
1456 1451 1662 1493 Latiorem
1687 1450 1802 1492 verbi
1823 1449 1973 1491 ἐθέλειν

339 1542 463 1571 usum
494 1528 732 1570 invenimus
763 1527 873 1583 apud
906 1526 1069 1569 Heracl.
1092 1526 1161 1580 (fr.
1184 1525 1253 1578 85,
1278 1540 1313 1567 ν.
1338 1523 1530 1567 Vorsok.’
1553 1525 1570 1566 Ι
1593 1538 1632 1580 p.
1651 1523 1784 1578 VIII),
1806 1522 1973 1576 Herod.,

339 1606 484 1657 tragg„
509 1604 606 1644 Ant.
630 1601 722 1654 Rh„
753 1603 831 1642 An.
864 1600 1027 1651 Iambl„
1062 1600 1166 1641 Plat.
1229 1599 1288 1641 Cf.
1314 1599 1442 1652 Blass,
1476 1598 1538 1640 De
1562 1601 1659 1640 Ant.
1682 1597 1799 1653 soph.
1823 1596 1968 1639 Iambl.

340 1682 449 1718 auct.
483 1690 522 1732 p.
556 1675 595 1718 6.

455 1751 518 1794 Fr.
555 1752 610 1794 58
652 1752 716 1792 τὸν
756 1750 932 1805 πλησίον,
980 1753 1059 1794 τοῖς
1095 1748 1215 1793 πέλας
1252 1762 1374 1804 saepe
1421 1752 1596 1789 utuntur
1634 1752 1792 1788 veteres
1823 1746 1970 1788 Attici.

339 1827 515 1869 Sensum
547 1826 777 1882 explicavit
811 1825 979 1867 Wilam.
1011 1824 1062 1865 ad
1097 1824 1216 1866 Herc.
1251 1824 1344 1865 192.

455 1902 518 1943 Fr.
550 1903 606 1944 49
639 1900 735 1956 ὑπέρ
758 1917 800 1942 τε
821 1924 876 1929 —-
899 1899 994 1955 ὑπέρ
1017 1915 1059 1940 τε
1079 1924 1134 1929 -
1157 1898 1252 1952 ὑπέρ
1274 1914 1316 1939 τε
1346 1897 1442 1939 talis
1474 1897 1710 1939 coniunctio
1741 1910 1815 1952 per
1841 1911 1884 1937 τε
1913 1921 1970 1927 -—-

335 1994 378 2019 τε
409 2002 464 2008 -
486 1994 527 2019 τε
550 1977 756 2019 vetustior
777 1981 839 2018 est
863 1975 1077 2030 magisque
1104 1974 1278 2031 poetica.
1331 1972 1514 2015 Oratoris
1537 1977 1598 2014 est
1619 1971 1970 2028 praepositionem

337 2053 398 2096 bis
428 2054 495 2096 vel
527 2053 654 2095 etiam
685 2059 748 2094 ter
778 2056 976 2106 repetere,
1009 2051 1059 2091 cf.
1085 2051 1182 2091 Ant.
1207 2049 1280 2090 Rh.
1305 2049 1415 2090 Tetr.
1448 2049 1486 2089 A
1516 2063 1541 2088 α
1571 2047 1598 2089 9
1629 2046 1704 2088 ὑπό
1735 2062 1777 2087 τε
1806 2050 1884 2088 τῶν
1914 2046 1967 2087 εἰ·

335 2129 460 2170 κότων
493 2129 568 2170 ὑπό
598 2144 640 2169 τε
677 2131 753 2169 τῶν
792 2124 1130 2182 παραγενομένων,
1168 2138 1252 2166 non
1289 2130 1448 2180 poetae,
1487 2124 1535 2165 cf.
1575 2122 1700 2178 Soph.
1732 2121 1779 2163 Ο.
1808 2121 1855 2163 R.
1883 2121 1967 2164 253

335 2205 433 2260 ὑπέρ
464 2203 496 2245 τ’
526 2204 711 2258 ἐμαυτοῦ,
744 2205 811 2243 τοῦ
846 2203 937 2242 θεοῦ
970 2217 1025 2253 τε,
1058 2200 1178 2255 τῆσδέ
1208 2216 1250 2241 τε
1281 2203 1350 2254 γῆς
1381 2199 1452 2253 (cs.
1496 2197 1856 2250 Kuehner-Gerth,
1896 2197 1964 2239 Gr.

335 2279 402 2321 Gr.
435 2278 503 2321 ΙΙ3
523 2280 564 2331 2,
596 2279 693 2320 245.
727 2278 836 2319 Adn.
869 2277 927 2330 5).
988 2276 1038 2318 In
1076 2277 1177 2317 Ant.
1214 2275 1290 2316 Rh.
1329 2273 1583 2316 orationibus
1620 2287 1662 2313 τε
1691 2295 1747 2302 -
1781 2287 1823 2313 τε
1857 2285 1965 2324 raro,

333 2356 376 2399 in
429 2354 657 2409 tetralogiis
708 2352 871 2408 saepius
922 2365 1049 2406 quam
1091 2366 1133 2391 τε
1177 2376 1227 2382 -
1272 2350 1336 2390 καὶ
1377 2349 1603 2400 invenitur,
1648 2361 1965 2402 nonnumquam

335 2433 463 2474 etiam
495 2436 558 2473 ter
589 2429 803 2485 repetitur,
835 2435 882 2469 ut
915 2426 945 2468 Γ
960 2442 982 2480 γ
1013 2427 1037 2467 2
1071 2425 1142 2480 (cf.
1165 2425 1364 2480 Ignatius,
1399 2424 1459 2466 De
1491 2425 1589 2465 Ant.
1613 2422 1689 2464 Rh.
1721 2422 1821 2464 eloc.
1853 2421 1960 2464 Berl.

338 2506 447 2550 1882
478 2520 517 2562 p.
543 2505 624 2547 149
635 2503 728 2559 sq.)
790 2502 1050 2556 Tetralogiae
1081 2502 1194 2543 enim
1226 2500 1395 2556 propius
1417 2498 1469 2540 ad
1492 2504 1709 2554 poetarum
1730 2511 1962 2539 sermonem

334 2581 537 2625 accedunt
567 2593 694 2636 quam
726 2578 943 2620 orationes.
977 2601 1032 2607 —
1063 2576 1161 2618 Sola
1192 2575 1398 2632 particula
1428 2589 1482 2627 τε,
1515 2587 1627 2615 more
1663 2572 1829 2627 Herod.,
1861 2573 1960 2614 Ant.

331 2657 422 2709 Rh.,
455 2655 600 2707 Thuc,
631 2655 750 2704 Xen„
794 2653 1013 2708 sequentia
1058 2666 1153 2694 cum
1198 2650 1541 2693 antecedentibus
1578 2650 1678 2690 Ant.
1710 2647 1826 2704 soph.
1863 2661 1962 2690 con—

330 2731 470 2774 iunxit
506 2731 550 2772 in
587 2731 635 2772 fr.
679 2729 734 2771 58
771 2731 923 2785 κρατεῖν
961 2743 1010 2772 τε
1047 2727 1111 2769 καὶ
1149 2729 1255 2768 νικᾶν
1293 2725 1472 2782 ἠδυνήθη
1512 2729 1553 2766 et
1588 2725 1633 2765 in
1668 2724 1716 2764 fr.
1749 2723 1806 2765 50
1839 2721 1884 2764 τό
1919 2736 1962 2764 τε

332 2810 456 2862 μῆκος
497 2808 593 2857 κτλ.,
640 2805 722 2847 nisi
764 2805 865 2846 haec
907 2803 1159 2859 interpolata
1202 2807 1301 2843 sunt
1348 2800 1421 2856 (cf.
1459 2798 1807 2841 Kuehner-Gerth
1843 2797 1884 2839 ΙΙ
1918 2797 1959 2852 2,

330 2877 412 2919 241
440 2875 536 2930 sq.).

450 3002 508 3047 10³¹)
535 3001 730 3037 Commeat.
757 2999 801 3034 ad
826 2999 880 3033 El.
907 3010 940 3044 p.
961 2997 1038 3033 122.

2148 3107 2170 3412 manns-...nt
2164 3059 2170 3092 .„,
