2170 3412
895 225 1188 268 -23-

221 347 356 399 putat,
400 343 473 398 qui
515 342 646 384 animi
690 339 1076 398 perturbationibus
1122 339 1372 382 concitetur:
1415 339 1436 380 ‘o
1468 338 1649 394 φθονέων
1681 338 1859 380 ἑωυτὸν

222 420 284 464 ὡς
313 418 492 474 ἐχθρὸν
523 417 693 459 λυπέει
722 415 791 472 (fr.
813 416 904 470 88).
950 440 1006 446 -
1060 415 1081 457 ὃ
1114 414 1184 468 μὲν
1215 413 1389 468 εὔθυμος
1426 414 1482 459 εἰς
1511 412 1605 468 ἔργα
1634 414 1710 456 αἰεὶ
1741 413 1860 469 φερό-

225 509 338 546 μενος
368 493 496 535 δίκαια
532 493 597 535 καὶ
634 493 779 547 νόμιμα
810 492 874 533 καὶ
907 492 1008 545 ὕπαρ
1039 491 1103 533 καὶ
1134 489 1228 545 ὄναρ
1257 489 1388 545 χαίρει
1417 505 1459 530 τε
1490 490 1555 531 καὶ
1594 488 1762 545 ἔρρωται
1791 489 1854 530 καὶ

224 570 423 624 ἀνακηδής
453 568 574 610 ἐστιν·
609 567 652 614 ὃς
681 563 719 609 δ’
753 566 799 608 ἂν
840 567 904 608 καὶ
935 566 1044 622 δίκης
1075 566 1198 620 ἀλογῇ
1229 566 1293 607 καὶ
1325 565 1371 606 τὰ
1402 566 1482 621 χρὴ
1515 563 1629 606 ἐόντα
1662 565 1717 618 μὴ
1750 562 1859 619 ἔρδῃ,

224 645 350 699 τούτῳ
382 645 506 686 πάντα
536 643 584 685 τὰ
615 645 774 684 τοιαῦτα
804 641 1004 697 ἀτερπείη,
1037 640 1128 683 ὅταν
1160 656 1225 682 τευ
1258 640 1507 696 ἀναμνησῦῇ,
1541 640 1604 681 καὶ
1625 639 1775 681 δέδοικε
1797 640 1862 680 καὶ

226 719 406 761 ἑωυτὸν
449 718 635 765 κακίζει
668 717 737 772 (fr.
763 717 877 771 174).
960 717 1109 771 Itaque
1140 715 1366 758 verisimile
1404 716 1451 757 fit
1487 714 1781 767 Iamblichum,
1814 719 1862 756 ut

225 795 399 847 solebat,
430 800 642 836 auctorem
677 791 886 848 quendam
919 791 1072 834 saeculi
1104 791 1241 847 quinti
1273 805 1311 833 a.
1345 790 1418 832 Ch.
1451 805 1491 832 n.
1525 795 1599 832 aut
1630 790 1767 846 ipsum
1790 794 1863 831 aut

225 884 299 926 per
327 870 458 912 alium
489 868 747 924 compilasse.
809 867 928 918 Quod
964 867 999 908 si
1036 881 1174 922 negas,
1213 871 1258 908 at
1294 865 1370 908 hoc
1401 872 1512 908 certe
1542 865 1743 908 concedes
1774 865 1860 907 fieri

226 945 422 1000 potuisse,
472 949 520 986 ut
564 943 651 985 iam
696 942 769 984 illa
809 947 945 984 aetate
985 941 1256 998 philosophus
1293 941 1479 996 quidam,
1521 941 1593 996 qui
1629 940 1739 982 idem
1778 941 1863 982 fere

226 1026 352 1075 atque
386 1019 647 1062 Democritus
677 1018 863 1069 sentiret,
897 1017 1159 1060 concordiam
1196 1017 1247 1059 ad
1286 1017 1426 1072 ipsum
1457 1016 1647 1058 animum
1678 1015 1861 1057 referret.

227 1095 315 1137 Hoc
347 1100 484 1137 autem
518 1094 584 1136 vel
616 1093 714 1135 inde
745 1098 931 1149 apparet,
964 1092 1073 1147 quod
1106 1092 1224 1134 Plato
1261 1092 1338 1133 hac
1376 1091 1509 1134 altera
1547 1090 1790 1133 concordiae
1823 1090 1862 1131 vi

228 1184 310 1213 non
342 1171 402 1213 ita
434 1170 580 1224 utitur,
614 1176 660 1212 ut
691 1169 744 1211 ab
781 1182 828 1211 eo
860 1168 994 1224 primo
1040 1167 1212 1210 inducta
1258 1181 1346 1209 esse
1393 1166 1598 1208 videatur.
1675 1165 1863 1207 Eundem

226 1245 364 1287 dicere
394 1245 605 1287 hominem
636 1243 874 1300 improbum
905 1257 1045 1285 secum
1078 1242 1311 1285 discordare
1342 1246 1384 1283 et
1414 1241 1494 1284 sibi
1524 1241 1664 1297 ipsum
1697 1245 1739 1283 et
1770 1240 1864 1282 aliis

228 1320 446 1363 inimicum
494 1334 583 1362 esse
617 1334 743 1376 supra
781 1318 1199 1362 commemoravimus
1248 1317 1372 1372 (Rep.
1416 1317 1564 1368 352a).
1627 1315 1722 1358 Alio
1773 1315 1863 1357 loco

227 1396 379 1438 ἀδικίαν
411 1395 512 1438 dicit
542 1397 676 1437 στάσιν
708 1409 812 1448 esse,
842 1395 1019 1450 ταραχὴν
1052 1393 1115 1435 καὶ
1148 1395 1295 1448 πλάνην
1321 1393 1444 1448 (Rep.
1467 1391 1617 1443 444b).
1678 1391 1864 1442 Quocum

229 1471 437 1515 consentit
483 1471 703 1527 Epicurus:
731 1464 770 1512 ’ὃ
810 1470 957 1515 δίκαιος
1001 1467 1323 1524 ἀταρακτότατος,
1371 1467 1392 1508 ‘o
1430 1466 1465 1508 δ’
1504 1466 1637 1512 ἄδικος
1684 1466 1865 1521 πλείστης

228 1550 404 1602 ταραχῆς
433 1545 564 1600 γέμων
597 1546 734 1601 (Sent.
765 1546 837 1588 sel.
866 1545 911 1588 17
950 1544 1019 1587 Us.
1054 1560 1091 1600 p.
1125 1544 1193 1596 78,
1225 1544 1275 1586 cs.
1308 1544 1355 1585 fr.
1378 1543 1496 1596 519).
1576 1542 1697 1584 Errat
1724 1546 1864 1584 autem

229 1621 436 1665 Usenerus
465 1622 509 1665 in
541 1635 603 1674 eo,
636 1620 743 1677 quod
778 1620 963 1663 Platonis
1004 1620 1119 1676 Reip.
1160 1634 1198 1676 p.
1231 1619 1362 1670 35·2a‚
1401 1632 1525 1673 quem
1563 1617 1701 1660 locum
1739 1631 1866 1672 supra

229 1697 417 1754 apposui,
455 1698 497 1739 in
536 1696 671 1753 primo
708 1697 918 1739 Ciceronis
956 1696 1061 1738 libro
1099 1694 1149 1737 de
1187 1694 1340 1736 finibus
1391 1694 1516 1748 13,44
1547 1699 1589 1736 et
1622 1692 1746 1745 18,58
1793 1706 1865 1735 ex-

229 1786 418 1830 pressum
452 1786 539 1815 esse
570 1770 877 1826 arbitratur⁴⁷).
960 1771 1046 1813 Nec
1076 1770 1264 1813 inductio
1296 1783 1359 1819 ea,
1392 1783 1498 1826 quae
1530 1769 1582 1811 ad
1616 1769 1766 1810 medici
1799 1782 1865 1810 ar-

228 1854 397 1904 temque
441 1848 731 1903 gubernatoris
778 1847 960 1903 pertinet
1001 1846 1073 1901 (de
1121 1846 1189 1887 lin.
1231 1845 1248 1887 Ι
1288 1844 1448 1899 13,42),
1495 1850 1664 1900 sumpta
1709 1849 1771 1886 est
1815 1857 1866 1886 ex

232 1923 416 1966 Platonis
448 1923 592 1979 Rep.I
628 1923 693 1964 15.
726 1920 1091 1975 3410—342e⁴⁸).
1153 1921 1288 1962 Immo
1321 1935 1415 1963 vero
1439 1920 1654 1975 Epicurus,
1675 1919 1748 1961 ubi
1770 1933 1863 1961 cum

235 1999 405 2041 Platone
437 1998 641 2054 congruit,
673 1998 828 2040 eisdem
861 2011 959 2039 usus
991 2002 1052 2038 est
1083 1997 1233 2052 prioris
1265 1995 1414 2038 aetatis
1446 1994 1698 2037 auctoribus.
1759 1994 1866 2035 Nam

232 2088 338 2130 quae
371 2074 430 2116 illi
470 2073 680 2130 praeclare
719 2072 902 2127 cogitata
939 2071 1055 2114 libris
1093 2071 1410 2118 mandaverant,
1449 2085 1498 2113 ex
1534 2070 1611 2112 hoc
1651 2068 1864 2112 communi

228 2151 342 2192 fonte
374 2149 437 2191 vel
471 2149 644 2191 maximi
677 2149 904 2191 hauserunt
925 2147 1162 2204 posterioris
1182 2146 1336 2188 saeculi
1360 2145 1607 2202 philosophi.
1641 2146 1864 2201 Apponam

227 2225 354 2281 igitur
390 2224 483 2267 illos
520 2224 730 2267 Ciceronis
766 2224 889 2276 locos,
929 2223 1040 2275 unde
1078 2222 1308 2277 intellegas,
1347 2236 1453 2277 quae
1491 2221 1596 2263 ratio
1634 2219 1866 2263 intercedat

227 2301 338 2343 inter
367 2299 616 2342 discordiam
649 2299 832 2342 civitatis
862 2299 1084 2341 seditiosae
1105 2302 1146 2341 et
1167 2298 1356 2339 animum
1377 2311 1517 2339 secum
1540 2296 1864 2339 discordantem:

230 2374 484 2429 Cupiditates
514 2375 620 2415 enim
650 2379 747 2415 sunt
775 2372 1041 2424 insatiabiles,
1074 2386 1179 2428 quae
1207 2386 1291 2413 non
1321 2372 1438 2412 modo
1468 2371 1650 2427 sinqulos
1670 2369 1865 2422 homines,

228 2449 296 2490 sed
330 2449 544 2490 universae
579 2447 772 2502 familias
806 2453 1001 2499 evertunt,
1035 2453 1160 2488 totam
1195 2447 1321 2487 etiam
1352 2445 1603 2499 labefactant
1632 2459 1752 2501 saepe
1779 2457 1866 2486 rem

225 2522 446 2578 publicam.
511 2521 579 2563 Ea:
607 2521 904 2578 cupiditatibus
934 2522 1028 2562 odia
1059 2520 1235 2562 discidia
1265 2520 1496 2562 discordiae
1524 2519 1737 2560 seditiones
1763 2518 1866 2560 bella

227 2603 471 2650 nascuntur,
497 2611 569 2638 nec
598 2610 668 2637 eae
696 2609 736 2637 ee
765 2595 871 2650 foris
901 2594 1032 2636 solum
1064 2595 1225 2635 iactant
1253 2608 1325 2635 nec
1354 2601 1519 2635 tantum
1550 2594 1597 2634 in
1627 2592 1731 2634 alios
1751 2606 1866 2634 caeco

230 2672 383 2727 impetu
413 2671 650 2722 incurrunt,
681 2669 750 2711 sed
777 2670 889 2710 intus
919 2669 1045 2710 etiam
1075 2669 1122 2709 in
1151 2669 1304 2710 animis
1334 2668 1516 2709 inclusae
1536 2668 1643 2708 inter
1672 2681 1712 2709 se
1740 2667 1864 2708 dmi-

227 2745 323 2786 dent
353 2751 477 2800 atque
505 2744 755 2798 discordant,
798 2759 847 2784 (w
876 2757 955 2798 quo
991 2744 1119 2783 vitam
1148 2742 1462 2783 amarissimam
1492 2755 1642 2782 necesse
1671 2748 1725 2783 est
1756 2739 1866 2796 “Zffim'

228 2826 305 2861 etc.
335 2818 425 2873 (13.
439 2819 528 2873 43).
590 2818 717 2860 Paulo
751 2824 843 2873 post
874 2818 974 2859 haec
1005 2816 1139 2858 addit:
1175 2815 1337 2858 Clamat
1369 2815 1581 2870 Epic-ww
1612 2846 1622 2857 .
1655 2846 1664 2856 .
1698 2849 1707 2858 .
1741 2848 1751 2857 .
1783 2829 1868 2856 non

350 2911 394 2954 ⁴⁷)
423 2911 596 2956 Epicurea
621 2922 654 2956 p.
675 2910 743 2945 272
769 2910 814 2945 ad
841 2921 872 2945 v.
896 2910 936 2946 15
951 2921 1003 2955 sq.
1031 2913 1066 2944 et
1092 2909 1161 2944 268
1187 2909 1231 2944 ad
1257 2920 1287 2943 v.
1311 2909 1395 2954 lsq.

347 2969 394 3015 ⁴⁸)
421 2971 443 3005 1.
461 2981 491 3005 c.
519 2982 553 3016 p.
573 2970 653 3005 267.
