2170 3412
981 195 1264 238 -20-

306 313 390 368 peti
422 310 556 353 docet:
587 308 668 352 ἔστι
698 305 735 351 δ’
760 310 785 364 ἡ
809 308 966 363 τοιαύτη
990 307 1150 362 ὁμόνοια
1172 307 1212 348 ἐν
1235 310 1315 353 τοῖς
1336 307 1560 350 ἐπιεικέσιν·
1583 308 1692 351 οὖτοι
1711 308 1784 365 γὰρ
1803 339 1932 351 .....

306 387 507 443 βούλονται
529 418 538 428 .
573 419 582 428 .
614 385 662 426 τὰ
693 385 822 426 δίκαια
853 386 916 426 καὶ
939 383 984 424 τὰ
1006 382 1266 438 συμφέροντα,
1298 382 1443 424 τούτων
1465 384 1508 425 δὲ
1528 384 1593 426 καὶ
1613 386 1723 439 κοινῇ
1746 384 1932 439 ἐφίενται.

306 462 395 507 τοὺς
425 462 468 503 δὲ
498 460 671 516 φαύλους
709 459 785 515 οὐχ
821 458 903 500 οἷόν
940 475 983 500 τε
1020 459 1197 511 ὁμονοεῖν
1235 457 1335 513 πλὴν
1381 458 1445 500 ἐπὶ
1491 459 1626 513 μικρὸν
1672 461 1752 501 κτλ.
1818 459 1934 514 (Eth.

307 535 468 578 Nicom.
503 535 561 576 IX
586 534 624 575 6.
659 534 766 575 1167
783 533 869 586 b4).
933 534 1046 582 Quae
1068 545 1161 573 cum
1184 532 1244 573 ita
1263 531 1362 584 sint,
1390 546 1538 588 parum
1557 531 1768 575 subtiliter
1787 532 1935 575 Poehl·

307 622 484 651 mannus
517 607 819 663 Antiphontem
851 611 892 647 et
923 605 1147 647 Isocratem
1180 605 1326 648 eodem
1357 605 1446 648 loco
1468 605 1594 648 habet
1615 620 1696 662 qno
1718 605 1934 649 Platonem

307 688 348 724 et
370 678 715 735 Aristotelem³⁷).
777 679 845 722 Illi
877 678 1046 734 quidem
1068 679 1102 720 si
1125 679 1337 735 exemplar
1358 685 1399 721 et
1420 680 1594 722 formam
1616 678 1938 736 perfectissimae

307 756 521 799 cuiusdam
560 757 773 797 finxerunt
812 754 1018 804 civitatis,
1056 754 1166 796 unde
1203 754 1373 797 tandem
1406 755 1716 798 l'oehlmannus
1752 754 1831 797 scit
1873 767 1937 797 so·

308 831 486 887 phistam
519 830 629 873 idem
660 831 807 872 fecisse
839 835 965 885 atque
996 843 1084 871 rem
1115 829 1326 885 publicam
1364 836 1620 872 commutare
1658 836 1698 872 et
1735 829 1940 884 corrigere

309 905 578 960 voluisse?”)
645 907 703 948 At
735 905 948 961 Antiphon
980 919 1062 948 non
1096 904 1227 958 magis
1249 918 1376 959 quam
1406 905 1605 948 Isocrates
1637 920 1662 947 a
1691 918 1735 947 re
1757 904 1938 961 publica,

309 997 390 1038 qua
420 987 509 1023 tum
543 981 782 1034 utebantur,
813 980 980 1022 recessit
1011 985 1053 1022 et
1084 993 1218 1022 mores
1241 979 1388 1035 corrigi
1410 994 1536 1035 quam
1558 980 1667 1035 leges
1689 979 1939 1023 commutari

309 1056 471 1098 maluit.
538 1054 730 1109 Denique
765 1054 1013 1109 Anonymus
1052 1053 1270 1096 Iamblichi
1307 1054 1359 1096 ab
1397 1054 1621 1096 Aristotele
1662 1052 1940 1097 secernendus

309 1128 450 1183 est³⁹).
512 1129 552 1170 Is
584 1129 693 1171 enim
726 1142 809 1170 non
842 1128 902 1170 rei
932 1128 1124 1183 publicae
1158 1128 1334 1170 utilitati
1367 1128 1431 1182 (τὸ
1462 1132 1532 1183 τῆς
1558 1129 1711 1173 πόλεως
1733 1127 1828 1183 ὅλης
1848 1142 1940 1180 συμ·

309 1204 427 1260 φέρον
439 1203 507 1259 ⁴⁰),
540 1205 583 1245 τὸ
605 1206 661 1258 τῷ
693 1207 814 1259 κοινῷ
838 1202 1152 1258 λυσιτελοῦνγι)
1185 1203 1388 1259 providet,
1419 1203 1491 1246 sed
1515 1203 1658 1260 populi
1677 1203 1741 1258 (τὸ
1762 1206 1819 1259 τῷ
1843 1202 1939 1257 πλή·

309 1279 369 1320 {let
402 1277 613 1334 συμφέρον,
646 1279 695 1319 cl.
730 1278 834 1329 7,14
866 1291 903 1334 p.
927 1277 1126 1332 635,10).
1195 1278 1342 1334 Itaque
1381 1277 1484 1320 utile
1522 1283 1563 1319 et
1583 1277 1693 1319 idem
1716 1277 1938 1320 honestum

311 1358 443 1408 putat,
476 1352 587 1408 quod
619 1366 743 1407 quam
776 1351 967 1407 plurimis
997 1351 1215 1394 conducat.
1278 1351 1463 1401 Quorum
1499 1350 1677 1393 utilitati
1714 1351 1940 1407 unicuique

310 1440 398 1468 esse
429 1426 726 1468 consulendum
759 1439 934 1480 eamque
964 1425 1097 1480 legem
1128 1425 1365 1479 tenendam,
1398 1439 1505 1481 quae
1534 1425 1687 1481 populo
1714 1422 1938 1467 conducat:

310 1499 374 1541 τόν
405 1516 447 1541 τε
478 1499 526 1541 αὖ
559 1501 702 1556 ἀρετῆς
733 1499 962 1555 ὀρεγόμενον
993 1503 1063 1554 τῆς
1096 1501 1302 1555 συμπάσης
1335 1500 1519 1542 σκεπτέον
1550 1499 1662 1552 εἶναι,
1693 1499 1739 1541 ἐκ
1767 1500 1868 1544 τίνος
1893 1498 1942 1541 ἄν

310 1575 428 1629 λόγου
460 1574 485 1629 ἦ
518 1573 631 1630 ἔργου
664 1574 818 1630 ἄριστος
855 1573 935 1629 εἴη·
980 1577 1150 1619 τοιοῦτος
1188 1573 1228 1616 δ’
1260 1573 1304 1615 ἂν
1348 1574 1409 1628 εἴη
1447 1575 1468 1615 ὁ
1506 1574 1698 1620 πλείστοις
1743 1573 1942 1629 ὠφέλιμος

313 1648 368 1689 ὤν
398 1647 587 1703 (3‚3)⁴²).
619 1673 674 1679 —
705 1652 791 1694 πῶς
820 1648 893 1704 γὰρ
926 1647 970 1689 ἂν
1002 1648 1131 1694 ἄλλως
1163 1650 1217 1694 εἰς
1248 1649 1315 1690 ἕνα
1339 1649 1532 1705 μοναρχία
1563 1648 1782 1704 περισταίη,
1813 1649 1848 1690 εἰ
1879 1648 1935 1703 μὴ

313 1725 381 1764 τοῦ
420 1723 540 1778 νόμου
573 1723 811 1768 ἐξωσθέντος
849 1725 917 1764 τοῦ
953 1727 1010 1778 τῷ
1049 1723 1196 1778 πλήθει
1232 1723 1513 1779 συμφέροντος;
1569 1723 1722 1778 (7,14).
1796 1722 1943 1777 Neque

313 1797 422 1839 enim
455 1797 633 1850 dubitat,
667 1798 767 1853 quin
800 1797 944 1840 eadem
975 1798 1030 1839 sit
1059 1797 1202 1854 populi
1234 1812 1281 1839 ac
1316 1799 1374 1839 rei
1398 1798 1587 1853 publicae
1610 1797 1783 1839 utilitas.
1834 1796 1942 1839 Con-

314 1872 487 1913 trariam
520 1876 682 1927 partem
714 1872 903 1927 sequitur
923 1871 1008 1925 ille,
1040 1872 1111 1927 qui
1139 1871 1201 1914 De
1232 1886 1316 1928 rep.
1343 1871 1493 1913 Athen.
1524 1871 1707 1927 scripsit:
1746 1872 1943 1927 δημοκρα-

314 1945 395 1986 τίαν
428 1944 456 1986 ὃ’
480 1944 559 1999 ἐγὼ
591 1945 698 2002 αὐτῷ
732 1946 801 2000 μὲν
823 1948 879 2002 τῷ
903 1946 1019 2001 δήμῳ
1050 1947 1344 2000 συγγιγνώσκω·
1383 1945 1499 1987 αὑτὸν
1529 1946 1601 2001 γὰρ
1623 1944 1666 1987 εὖ
1688 1948 1810 1987 ποιεῖν
1833 1946 1944 1987 παντὶ

317 2021 528 2075 συγγνώμη
566 2019 668 2061 ἐστίν
711 2020 772 2074 (ΙΙ
787 2020 876 2074 20).
949 2020 1009 2061 Ex
1059 2020 1110 2062 iis
1159 2025 1301 2062 autem
1349 2034 1456 2075 quae
1508 2020 1729 2062 attulimus
1769 2025 1945 2076 apparet

433 2124 477 2170 ³⁷)
509 2126 532 2160 l.
566 2135 595 2159 c.
626 2135 661 2169 p.
688 2124 755 2159 158
770 2135 821 2169 sq.
860 2125 903 2158 cf.
935 2135 969 2169 p.
998 2124 1064 2158 140
1085 2135 1136 2170 sq.
1205 2125 1277 2159 Nec
1307 2123 1615 2159 Wilamowitzium
1658 2125 1746 2160 satis
1782 2127 1946 2159 accurato

315 2184 548 2228 Antiphontis
574 2183 763 2218 consilium
790 2182 988 2227 explicasse
1015 2188 1117 2227 putoz
1143 2182 1253 2226 „Also
1271 2183 1310 2217 in
1328 2183 1390 2217 der
1408 2181 1557 2227 ὁμόνοια,
1582 2183 1696 2218 einem
1715 2183 1945 2227 Ant-nimus,

315 2269 323 2277 .
343 2269 350 2277 .
371 2269 379 2277 .
406 2243 494 2288 liegt
521 2242 584 2277 das
611 2242 714 2276 Hei1“
744 2267 753 2277 .
772 2267 781 2276 .
809 2242 933 2284 (Arist.
958 2253 994 2276 u.
1024 2242 1140 2277 Athen
1165 2242 1180 2276 1
1209 2243 1300 2283 174).

434 2301 475 2343 ³⁸)
502 2301 580 2343 Qua
605 2303 643 2336 in
668 2312 706 2336 re
725 2301 986 2336 Duemmlerum
1007 2301 1168 2346 sequitur
1194 2301 1465 2347 (Prolegomena
1483 2313 1511 2335 z.
1530 2301 1676 2335 Platons
1695 2301 1808 2344 Stant,
1827 2300 1945 2336 Basel.

314 2360 434 2405 Progr.
465 2360 551 2394 1891
580 2371 614 2405 p.
633 2359 706 2403 28),
732 2360 859 2394 Kleine
886 2359 1064 2394 Schriften
1091 2360 1106 2394 I
1133 2359 1213 2396 182.

433 2418 478 2463 ³⁹)
504 2418 736 2462 Poehlmann,
762 2419 786 2452 1.
803 2429 832 2453 c.
859 2430 893 2463 p.
916 2419 993 2454 167.
1023 2419 1101 2454 175.

431 2476 476 2519 4⁰)
502 2478 612 2512 Arist.
643 2477 718 2512 Pol.
750 2475 776 2512 Γ
804 2478 837 2513 7.
868 2476 1051 2512 12831240.
1083 2478 1128 2512 cf.
1164 2476 1352 2513 12831136:
1390 2478 1551 2523 ἀποροῦσι
1582 2478 1644 2522 γάρ
1676 2489 1772 2519 τινες,
1804 2477 1948 2524 πότερον

315 2536 367 2582 τῷ
391 2534 560 2582 νομοθέτῃ
586 2535 849 2581 νομοθετητέον,
876 2535 1073 2582 βουλομένῳ
1099 2534 1252 2571 τίθεσθαι
1285 2537 1365 2573 τοὺς
1399 2534 1604 2582 ὀρθοτάτους
1635 2537 1770 2582 νόμους,
1799 2535 1882 2582 πρὸς
1906 2535 1947 2570 τὸ

315 2599 384 2629 τῶν
412 2594 594 2640 βελτιόνων
620 2595 789 2641 συμφέρον
814 2594 836 2640 ἢ
863 2597 944 2640 πρὸς
969 2595 1008 2629 τὸ
1034 2599 1103 2629 τῶν
1129 2594 1293 2629 πλειόνων
1319 2593 1394 2628 κτλ.

434 2651 479 2696 4¹)
505 2653 581 2688 Pol.
608 2651 633 2688 Γ
662 2653 693 2688 7.
724 2652 884 2688 1279b9.

438 2710 483 2754 ⁴2)
510 2713 605 2747 Haec
631 2713 816 2748 sententia
849 2714 981 2757 optime
1007 2713 1208 2748 illustratur
1245 2713 1283 2747 in
1308 2712 1479 2747 Helvetii.
1498 2712 1601 2756 libro,
1638 2711 1699 2758 qui
1739 2712 1950 2747 inscribitur

318 2772 392 2813 „De
419 2770 594 2815 l’homme‚
626 2771 669 2806 de
697 2782 754 2806 ses
781 2770 931 2806 facultes
958 2775 993 2807 et
1019 2772 1062 2807 de
1088 2782 1154 2806 son
1180 2770 1394 2806 education“
1427 2771 1600 2814 (Londres
1629 2771 1744 2815 1773),
1777 2771 1869 2807 Sect.
1887 2771 1948 2810 1,V.

318 2840 394 2874 cap.
413 2830 495 2864 IX.:
536 2830 589 2862 La
627 2831 737 2864 nation
769 2838 818 2864 est
848 2830 877 2864 le
911 2832 1054 2874 despota.
1107 2830 1175 2869 Que
1209 2830 1443 2864 de'sire-t-elle?
1480 2830 1529 2863 Le
1560 2831 1633 2864 bien
1665 2830 1708 2864 du
1734 2831 1811 2874 plus
1839 2830 1952 2876 yrand

318 2889 455 2922 nombre.
508 2888 577 2921 Par
603 2889 694 2931 quels
719 2900 849 2935 moyens
876 2890 1050 2923 obtient-on
1075 2902 1114 2922 sa
1129 2891 1283 2933 faveur?
1331 2889 1402 2922 Par
1431 2891 1475 2922 les
1499 2890 1641 2922 services
1666 2891 1761 2934 qu‘on
1786 2889 1833 2922 lui
1856 2888 1948 2924 rend-

318 2947 420 2980 Alors
445 2955 528 2981 toute
554 2949 660 2980 action
685 2948 846 2990 conforme
872 2949 891 2980 ὰ
924 2947 1063 2982 Γίηιένέι
1094 2949 1137 2982 du
1167 2949 1278 2992 qrand
1307 2948 1438 2982 nombre
1464 2955 1510 2981 est
1532 2950 1625 2991 juste
1643 2955 1673 2981 et
1697 2955 1864 2982 vermense
1889 2955 1950 2982 cte.
