2170 3412
991 176 1275 218 -15-

315 291 669 345 δυστυχοῦντας
716 289 1084 343 ἐπικουρείσθαι
1131 289 1181 331 ἐκ
1230 293 1319 331 τῶν
1365 290 1696 347 εὐτυχούντων
1742 292 1816 334 διὰ
1863 294 1947 348 τὴν

314 364 579 418 ἐπιμειξίαν
611 380 658 405 τε
691 365 765 406 καὶ
798 364 970 411 πίστιν,
1005 364 1104 418 ἅπερ
1136 364 1181 406 ἐκ
1212 367 1282 419 τῆς
1312 364 1492 419 εὐνομίας
1521 366 1698 420 γίγνεται.
1728 368 1793 409 τόν
1824 383 1867 409 τε
1897 366 1947 410 αὖ

313 439 454 495 χρόνον
498 443 577 485 τοῖς
614 439 839 494 ἀνθρώποις
876 439 939 479 διὰ
977 439 1046 492 τὴν
1085 437 1264 491 εὐνομίαν
1293 439 1350 483 εἷς
1391 440 1460 493 μὲν
1495 440 1544 482 τὰ
1581 442 1787 496 πράγματα
1828 443 1948 498 ἀργὸν

312 514 524 569 γίγνεσθαι,
564 515 618 558 εἰς
654 514 696 555 δὲ
734 514 780 554 τὰ
818 512 913 568 ἔργα
950 516 1019 568 τῆς
1059 515 1163 568 ζωῆς
1202 514 1410 569 ἐργάσιμον
1447 514 1519 569 (cf.
1558 514 1746 558 Democr.
1785 518 1832 560 fr.
1864 518 1953 560 250

314 589 391 630 ἀπὸ
424 589 607 643 ὁμονοίης
638 588 685 629 τὰ
718 590 868 642 μεγάλα
899 586 993 643 ἔργα
1025 590 1122 641 κτλ.)
1155 620 1300 632 .....
1332 590 1379 631 τὰ
1415 589 1452 631 δ’
1482 590 1526 632 ἐκ
1556 594 1626 645 τῆς
1656 591 1818 644 ἀνομίας
1847 593 1949 636 κακὰ

314 665 572 719 ἀποβαίνοντα
616 665 707 705 τάδε
754 662 876 705 ἐστίν.
957 663 1122 719 ἄσχολοι
1162 665 1230 718 μὲν
1269 669 1421 720 πρῶτον
1459 666 1495 707 οἱ
1526 665 1729 722 ἅνθρωποι
1765 667 1862 722 πρὸς
1899 667 1949 710 τὰ

314 738 407 794 ἔργα
448 739 635 793 γίγνονται
671 739 734 780 καὶ
773 738 1044 791 ἐπιμελοῦνται
1082 741 1149 781 τοῦ
1187 740 1446 795 ἀηδεστάτου,
1477 743 1714 796 πραγμάτων
1753 739 1838 783 ’ἀλλ’
1876 741 1951 786 οὐκ

313 813 448 868 ἔργων,
481 815 534 855 τά
565 829 612 855 τε
644 814 872 870 χρήματα
903 813 959 855 δι’
999 814 1223 856 ἀπιστίαν
1254 817 1329 858 καὶ
1362 816 1579 870 ἀμειΕίαν
1611 817 1950 874 ἀποθησαυρὺ

317 892 475 936 ζουσιν
522 887 621 930 ἀλλ’
675 889 725 931 οὐ
773 892 1068 941 κοινοῦνται,
1116 892 1180 932 καὶ
1219 890 1344 936 οὕτως
1382 893 1525 933 σπάνια
1560 892 1739 946 γίγνεται,
1778 893 1845 935 ἐὰν
1884 894 1949 936 καὶ

314 965 440 1006 πολλὰ
469 963 496 1019 ᾐ
528 965 589 1019 (7,
625 965 712 1007 1-3.
738 964 842 1017 7-8).
874 989 929 994 -
962 964 984 1006 ὅ
1020 981 1061 1006 τε
1099 965 1270 1018 πόλεμος
1308 965 1455 1011 ἔξωθεν
1493 969 1640 1021 μᾶλλον
1671 967 1855 1022 ἐπάγεται
1884 969 1951 1010 καὶ

314 1041 340 1095 ἡ
373 1040 524 1081 οἰκεία
556 1041 719 1085 στάσις
752 1040 830 1081 ἀπὸ
861 1043 930 1094 τῆς
961 1040 1083 1095 αὐτῆς
1111 1041 1234 1086 αἰτίας
1260 1044 1341 1083 κτλ.
1365 1042 1422 1093 (7,
1447 1042 1532 1096 10).
1595 1042 1795 1085 Videmus
1824 1043 1953 1099 igitur

315 1115 585 1169 Anonymum
624 1114 846 1157 Iambliohi
883 1115 995 1157 idem
1031 1121 1219 1171 spectare
1256 1122 1382 1171 atque
1420 1116 1706 1159 Democritum
1748 1123 1791 1159 et
1827 1117 1951 1160 Anti-

315 1190 529 1245 phontem,
561 1195 608 1232 ut
640 1190 759 1245 copia
789 1191 863 1232 fiat
894 1190 953 1232 rei
985 1191 1258 1245 nummariae,
1290 1192 1434 1247 iuopia
1463 1193 1690 1234 minuatur.
1767 1192 1876 1235 Nam
1905 1192 1951 1235 in

315 1265 393 1307 hac
424 1279 467 1307 re
499 1265 682 1306 maxime
714 1265 975 1307 concordiam
1008 1265 1188 1322 positam
1220 1280 1306 1308 esse
1338 1281 1389 1308 ne
1419 1267 1583 1308 Aeneas
1614 1266 1783 1322 quidem
1815 1267 1953 1310 Tacti-

316 1354 387 1382 cus
417 1341 593 1395 ignorat,
625 1340 695 1396 qui
726 1340 829 1382 talia
860 1348 1080 1396 praecepta
1111 1340 1183 1383 dat
1215 1341 1266 1383 ad
1298 1341 1408 1384 cives
1438 1341 1482 1384 in
1515 1342 1616 1384 urbe
1648 1343 1812 1384 obsessa
1840 1342 1953 1385 inter

317 1429 359 1458 Se
391 1415 670 1458 conciliandos
706 1416 798 1469 (14,
828 1417 889 1467 1):
927 1416 971 1457 τὸ
1008 1416 1051 1457 δὲ
1089 1418 1242 1471 πλῆθος
1288 1420 1366 1458 τῶν
1413 1419 1581 1458 πολιτῶν
1627 1418 1682 1463 εἰς
1726 1417 1955 1473 ὁμόνοιαν

316 1490 415 1536 τέως
453 1493 619 1545 μάλιστα
655 1491 733 1546 χρὴ
774 1492 968 1546 προάγειν,
1007 1490 1139 1537 ἄλλοις
1181 1507 1222 1533 τε
1276 1492 1517 1546 ὑπαγόμενον
1570 1492 1712 1538 αὐτοὺς
1756 1495 1821 1535 καὶ
1863 1493 1955 1539 τοὺς

315 1565 609 1622 χρεωφειλέτας
639 1566 876 1621 κουφίζοντα
907 1566 1031 1608 τόκων
1064 1567 1192 1623 βραχύ
1222 1566 1321 1622 ⁴1:2³¹)
1350 1568 1375 1623 ἢ
1409 1568 1510 1613 ὅλως
1548 1569 1801 1624 ἀφαιροῦντα,
1837 1569 1878 1611 ἐν
1909 1569 1952 1611 δὲ

317 1645 396 1687 τοῖς
427 1641 510 1682 λίαν
542 1641 794 1687 ἐπικινδύνοις
824 1643 887 1683 καὶ
919 1646 997 1683 τῶν
1031 1643 1306 1698 ὀφειλημάτων
1337 1659 1372 1685 τι
1405 1643 1523 1699 μέρος
1552 1644 1577 1699 ἦ
1610 1645 1674 1685 καὶ
1705 1646 1829 1686 πάντα
1858 1643 1953 1686 ὅταν

318 1716 390 1771 δέῃ
409 1748 532 1759 .....
543 1749 553 1768 ,
576 1716 665 1762 τούς
681 1733 723 1758 τε
740 1717 787 1776 ,ἐν
805 1717 948 1772 ἀπορίᾳ
972 1716 1084 1761 ὄντας
1102 1722 1180 1758 τῶν
1199 1718 1416 1772 ἀναγκαίων
1434 1719 1489 1764 εἰς
1505 1718 1686 1773 εὐπορίαν
1708 1720 1951 1761 καθιστάναι.

434 1792 509 1833 His
542 1797 679 1834 autem
721 1792 988 1847 adiungimus
1027 1793 1249 1835 Isocratem
1287 1794 1331 1835 in
1363 1794 1652 1850 Areopagitico
1691 1794 1953 1837 concordiam

317 1866 576 1918 laudantem,
595 1881 721 1922 quam
738 1867 781 1909 in
800 1867 959 1923 optima
975 1868 1180 1909 maiorum
1196 1868 1365 1910 civitate
1383 1869 1569 1911 floruisse
1586 1869 1705 1923 fingit
1721 1868 1956 1924 (31—35):

320 1941 366 1983 οὐ
397 1941 468 1997 γὰρ
502 1941 617 1996 μόνον
650 1943 738 1997 περὶ
776 1945 853 1983 τῶν
892 1946 1031 1983 κοινῶν
1093 1944 1350 1998 ὡμονόουν,
1392 1943 1492 1984 ἀλλὰ
1528 1945 1591 1985 καὶ
1629 1944 1717 1999 περὶ
1753 1944 1818 1985 τὸν
1859 1942 1954 1986 ἴδιον

320 2017 400 2073 βίον
433 2017 623 2072 τοσαύτην
655 2016 858 2059 ἐποιοῦντο
889 2019 1116 2072 πρόνοιαν
1156 2018 1451 2074 ἀλλήλων“),
1491 2018 1586 2074 ὅσην
1625 2035 1697 2074 περ
1735 2020 1816 2075 χρὴ
1862 2018 1955 2064 τοὺς

321 2091 365 2134 εὖ
393 2095 629 2147 φρονοῦντας
650 2094 714 2134 καὶ
736 2093 918 2148 πατρίδος
944 2096 1235 2138 κοινωνοῦντας.
1297 2094 1340 2135 οἵ
1363 2109 1404 2135 τε
1435 2094 1508 2149 γὰρ
1530 2094 1751 2150 πενέστεροι
1781 2097 1860 2136 τῶν
1888 2109 1955 2135 πο·

319 2171 436 2210 λιτῶν
482 2171 664 2210 τοσοῦτον
713 2169 878 2224 ἀπεῖχον
923 2172 992 2210 τοῦ
1039 2171 1199 2224 φθονεῖν
1246 2173 1325 2215 τοῖς
1371 2170 1491 2211 πλείω
1538 2170 1807 2225 κεκτημένοις,
1851 2168 1950 2212 ὥσθ’

322 2245 501 2299 ὁμοίως
538 2244 766 2299 ἐκήδοντο
798 2249 888 2286 τῶν
932 2244 1073 2286 οἴκων
1118 2249 1205 2285 τῶν
1252 2246 1467 2300 μεγάλων
1505 2246 1665 2301 ὥσπερ
1711 2249 1800 2286 τῶν
1847 2254 1956 2301 σφεέ

321 2319 469 2375 τέρων
501 2319 674 2369 αὐτῶν,
706 2320 970 2375 ἡγούμενοι
1001 2321 1081 2375 τὴν
1113 2320 1308 2362 ἐκείνων
1346 2320 1651 2374 εὐδαιμονίαν
1693 2321 1849 2365 αὑτοῖς
1885 2319 1987 2363 εὐ-.

322 2394 492 2450 πορίαν
524 2395 776 2450 ὑπάρχειν·
846 2396 889 2436 οἵ
913 2411 955 2436 τε
996 2395 1064 2441 τὰς
1102 2395 1234 2441 οὐσίας
1271 2395 1427 2451 ἔχοντες
1465 2395 1541 2451 οὐχ
1577 2395 1685 2441 ὅπως
1723 2396 1958 2451 ὑπερεώρων

322 2470 411 2515 τοὺς
449 2470 750 2526 καταδεέστερον
787 2472 1037 2526 πράττοντας,
1075 2467 1161 2512 ἀλλ’
1206 2472 1545 2526 ὑπολαμβάνοντες
1589 2471 1780 2526 αἰσχύνην
1826 2471 1961 2515 αὑτοῖς

325 2545 424 2586 εἶναι
455 2546 525 2600 τὴν
557 2548 634 2586 τῶν
666 2548 835 2587 πολιτῶν
867 2546 1030 2601 ἀπορίαν
1063 2547 1298 2602 ἐπήμυνον
1330 2549 1412 2591 ταῖς
1442 2546 1618 2594 ἐνδείαις,
1649 2549 1729 2592 τοῖς
1751 2546 1820 2601 μὲν
1840 2561 1960 2600 γεωρ-

321 2621 404 2674 γίας
436 2620 499 2661 ἐπὶ
522 2621 692 2676 μετρίαις
723 2622 943 2676 μισῦώσεσι
973 2623 1260 2677 παραδιδόντες,
1298 2621 1388 2666 τοὺς
1418 2622 1461 2663 δὲ
1491 2620 1571 2663 κατ’
1607 2621 1795 2676 ἐμπορίαν
1816 2620 1958 2675 ἐκπέμ-

324 2710 472 2746 ποντες,
504 2697 584 2740 τοῖς
616 2694 643 2736 δ’
677 2696 732 2741 εἰς
763 2695 830 2741 τὰς
862 2695 982 2742 ἄλλοις
1013 2696 1194 2752 ἐργασίας
1230 2696 1447 2751 ἀφορμὴν
1485 2695 1734 2751 παρέχοντες.
1794 2694 1840 2736 οὐ
1884 2695 1957 2750 γὰρ

445 2799 486 2842 ³¹)
514 2800 774 2835 Kirchhosfius:
803 2800 990 2847 βραχύτητι
1007 2801 1109 2836 codd.
1127 2801 1357 2846 Reliquorum
1383 2800 1598 2835 coniecturis
1617 2802 1713 2842 ((τῶν
1732 2799 1807 2844 μὲν)
1831 2799 1961 2843 τόκων,

326 2857 434 2902 ὅλους,
460 2858 610 2903 ἀφιέντα,
637 2858 855 2903 καθιστάντα)
883 2859 998 2895 locum
1026 2860 1254 2905 depravatum
1283 2870 1363 2894 esse
1391 2862 1488 2904 puto.

446 2916 489 2960 32)
518 2918 640 2950 sociale
670 2917 846 2961 Fiirsorqe.
