2170 3412
0 3177 3 3310 ἐ

0 3312 4 3412 ι

223 352 339 408 βολος
374 350 495 402 Xen.‚
534 349 608 400 PL,
644 348 774 390 Arist.
805 371 861 378 —
899 347 982 388 An.
1014 343 1162 387 Iambl.
1196 343 1270 398 7,5
1301 340 1493 395 εὔπιστος,
1525 339 1848 395 εὖπροσδόκητος.

222 428 406 478 Quorum
438 423 760 480 εὖκατηγόρητος,
791 421 1013 478 εὐόργητος,
1045 419 1357 474 εὐπροσδόκητος
1392 422 1491 459 sunt
1521 414 1727 458 adiectiva
1755 428 1849 461 ver-

227 500 352 553 balia,
399 500 551 556 quibus
596 499 866 541 luxuriantur
909 502 1052 551 tragg„
1100 508 1221 546 eom„
1266 492 1396 536 Thuc.
1470 491 1532 534 Os.
1571 489 1721 532 Kaibel
1757 490 1784 531 l.
1813 503 1847 532 o.

221 590 261 632 p.
284 576 352 619 99.
385 575 479 618 235.
544 574 714 616 Wilam.
747 572 799 615 ad
833 572 951 614 Herc.
986 585 1022 612 v.
1045 571 1143 613 290.

336 650 397 692 Ex
434 649 640 704 ambiguis
677 646 919 702 fragmentis
964 646 1096 699 magis
1139 643 1349 701 sophistae
1393 656 1519 698 quam
1558 640 1711 683 oratori
1747 640 1848 681 Ant.

222 739 317 768 cum
347 725 430 767 alia
459 729 551 766 tum
581 723 684 765 haec
714 721 918 764 vocabula
954 720 1184 777 composita
1213 718 1409 761 videntur
1445 715 1685 760 convenire:
1722 715 1771 756 fr.
1794 713 1849 756 89

221 801 400 844 δυσάνιος
432 799 530 841 Crit.
562 798 611 840 fr.
634 796 703 850 42,
737 797 948 852 Hippocr„
980 796 1125 848 Arist„
1157 793 1351 836 Menand.
1383 816 1439 823 —-
1469 792 1533 834 Fr.
1556 791 1612 834 95
1644 789 1850 844 μεθέορτοι

220 875 377 930 ἡμέραι.
408 897 464 904 -
496 873 560 915 Fr.
586 873 668 915 105
699 872 959 926 δοκησίσοφος
990 872 1061 912 Ar.
1085 870 1174 912 Pax
1194 869 1262 911 44.
1293 892 1348 899 -—
1379 868 1445 910 Fr.
1466 867 1548 910 113
1579 868 1848 908 πολιτοκοπεῖν

221 964 340 1003 com„
371 948 433 990 Pl.

337 1022 552 1067 Nonnulla
581 1036 694 1064 rara
725 1022 875 1064 verba
904 1021 1119 1076 magisque
1150 1019 1313 1075 poetica
1343 1018 1469 1073 digna
1497 1016 1704 1070 videntur,
1744 1029 1849 1070 quae

220 1104 607 1142 commemorentur.
669 1097 733 1139 Fr.
755 1096 812 1139 58
842 1097 1026 1152 δειμαίνω
1059 1101 1182 1152 poet„
1214 1094 1380 1154 Herod„
1413 1093 1547 1135 Plato.

336 1174 399 1216 Fr.
421 1174 477 1216 54
508 1174 725 1228 περιαλγεῖν
757 1172 886 1214 Thuc.
919 1172 979 1213 IV
1014 1171 1079 1224 14,
1112 1170 1162 1212 cf.
1195 1168 1405 1224 περιαλγής
1435 1168 1494 1210 Pl.
1527 1168 1629 1223 Rep.
1651 1166 1736 1209 462
1748 1167 1784 1208 b.

335 1249 399 1291 Fr.
417 1249 474 1291 54
503 1247 824 1303 ἀπολοφύρεσθαι
856 1247 1000 1295 Thac„
1032 1246 1206 1295 Andoc„
1238 1244 1344 1287 Xen.

336 1324 481 1367 Multis
520 1324 724 1366 usitatis
754 1322 1014 1365 vocabulis
1053 1335 1229 1364 novam
1267 1318 1692 1375 significationem
1725 1318 1849 1360 Anti-

222 1400 331 1456 phon
363 1400 553 1442 subiecit.

338 1475 400 1517 Fr.
419 1475 474 1517 49
497 1475 679 1528 ἐκπομπή
712 1473 917 1528 significat
939 1472 1204 1515 emissionem
1226 1470 1335 1527 apud
1358 1470 1486 1512 Thuc.
1512 1469 1641 1512 11151
1674 1471 1846 1524 λῃστῶν,

222 1550 280 1593 Pl.
314 1550 406 1605 Leg.
439 1550 553 1593 7402
599 1550 824 1590 οἰτιοικιιῖὺν.Δ
878 1548 1054 1590 Divortii
1104 1546 1316 1589 notionem
1362 1546 1444 1588 nisi
1490 1544 1602 1600 apud
1633 1545 1732 1587 Ant.
1766 1558 1850 1586 non

219 1626 470 1668 invenimus.
538 1624 618 1667 Sed
656 1625 783 1666 verbo
820 1623 1031 1675 ἐκπέμπειν
1071 1636 1143 1678 pro
1184 1621 1377 1675 „mittere
1408 1603 1606 1662 uxorem&
1650 1619 1714 1661 usi
1751 1623 1851 1661 sunt

221 1700 385 1747 Herod..
419 1700 525 1755 Lym,
559 1700 677 1742 Dem.

333 1775 398 1818 Fr.
423 1776 479 1818 65
511 1776 687 1830 ἀνδρεία·
720 1775 746 1829 ἡ
778 1778 856 1815 τῶν
887 1774 1038 1829 ἀνδρῶν
1071 1773 1213 1828 ἡλικία.

335 1851 400 1893 Fr.
423 1850 479 1892 68
509 1849 772 1905 αὐλιζόμενοι·
814 1850 897 1891 ἀντὶ
935 1851 1002 1891 τοῦ
1039 1850 1290 1902 κοιμώμενοι.

330 1922 473 1982 Ἀληθ.
505 1926 554 1967 fr.
575 1927 623 1967 11
658 1925 830 1979 δεήσεις·
863 1925 946 1965 ἀντὶ
978 1926 1046 1965 τοῦ
1078 1924 1237 1968 ἐνδείας.

335 2000 399 2043 Fr.
423 2002 480 2044 ‘20
510 2001 756 2046 ἐπαλλάξεις·
789 2001 872 2041 ἀντὶ
905 2003 973 2042 τοῦ
1006 1999 1247 2053 συναλλαγὰς
1276 1998 1302 2053 ἢ
1335 1997 1466 2051 μίξεις.

335 2076 400 2118 Fr.
423 2077 478 2118 23
510 2077 727 2121 διάστασις·
761 2076 844 2116 ἀντὶ
874 2077 943 2116 τοῦ
975 2074 1272 2129 διακοσμήσεως
1302 2077 1380 2115 τῶν
1412 2072 1527 2114 ὅλων.

334 2151 477 2194 Eidem
512 2152 600 2194 voci
634 2156 831 2207 quattuor
862 2152 1052 2194 notiones
1073 2150 1268 2193 subiecit:
1301 2150 1349 2191 fr.
1371 2149 1428 2191 24
1457 2152 1507 2203 τῇ
1536 2148 1710 2191 διαθέσει
1732 2148 1849 2205 ἐχρή-

217 2241 312 2269 σατο
361 2226 406 2281 l)
438 2226 502 2267 ἐπὶ
538 2228 698 2282 γνώμης
733 2226 759 2281 ἢ
798 2226 966 2271 διανοίας
1012 2226 1060 2280 2)
1092 2225 1154 2267 ἐπὶ
1186 2228 1254 2267 τοῦ
1286 2225 1476 2266 διαθεῖναι
1506 2223 1619 2279 λόγον
1650 2224 1848 2266 τουτέστιν

218 2302 283 2343 ἐπὶ
314 2303 383 2343 τοῦ
416 2300 633 2355 ἐξαγγεῖλαί
662 2315 697 2341 τι
729 2299 776 2355 3)
802 2297 946 2355 'Al-qi).
979 2291 1027 2355 fi:
1053 2300 1115 2341 ἐπὶ
1146 2303 1216 2353 τῆς
1247 2300 1548 2354 διακοσμήσεως
1577 2299 1622 2350 4)
1655 2297 1702 2341 Π.
1737 2299 1847 2353 ὁμον.

215 2377 264 2419 fr.
287 2377 343 2419 63
381 2376 463 2418 ἀντὶ
504 2378 571 2418 τοῦ
608 2377 810 2430 διοίκησις,
843 2376 892 2417 ef.
950 2371 1092 2430 Ἀληθ.
1125 2377 1150 2416 ἆ
1186 2375 1234 2417 fr.
1260 2375 1314 2417 14
1350 2374 1559 2416 διαθέσθαι
1590 2374 1654 2416 ἐπὶ
1691 2377 1759 2416 τοῦ
1797 2376 1847 2416 δι-

216 2455 386 2507 οικῆσαι.

333 2525 397 2569 Fr.
419 2526 475 2569 43
512 2527 577 2567 τὸν
615 2525 725 2581 ἄβιον
753 2524 815 2568 Ἀ.
849 2526 912 2567 ἐπὶ
943 2528 1010 2567 τοῦ
1044 2525 1163 2567 πολὺν
1202 2525 1284 2581 βίον
1321 2526 1563 2580 κεκτημένου
1602 2523 1745 2578 ἔταξεν,
1794 2527 1848 2570 ὥς

211 2601 397 2657 ’Όμηρος
428 2601 566 2647 ἅΕυλον
588 2601 683 2657 ὕλην
704 2601 806 2654 λέγει
827 2602 897 2656 τὴν
919 2601 1132 2646 πολύξυλον
1155 2600 1223 2654 (ΙΙ.
1241 2600 1301 2643 Xl
1332 2601 1445 2655 155).
1507 2600 1626 2643 Plato
1648 2600 1726 2643 hac
1747 2614 1847 2644 voce

220 2678 353 2719 utitur
385 2691 456 2733 pro
489 2676 654 2731 ἀβίωτος
688 2676 779 2731 Leg.
812 2676 939 2727 8730,
972 2677 1022 2718 cs.
1058 2675 1186 2718 Bekk.
1219 2675 1377 2718 Anecd.
1411 2690 1449 2732 p.
1468 2675 1566 2718 323.

336 2752 553 2795 Praeterea
584 2753 634 2793 cs.
663 2750 805 2806 Ἀληῦ.
836 2752 884 2794 fr.
910 2753 975 2794 16.
1012 2752 1077 2794 19.

336 2826 645 2883 Metaphoris
677 2826 890 2882 Antiphon
914 2826 1312 2881 dithyrambicorum
1345 2826 1621 2882 granditatem
1653 2826 1848 2870 similiter

220 2908 346 2958 atque
375 2901 546 2956 Gorgias
576 2900 811 2957 adaequare
842 2901 993 2943 studet.

336 2977 397 3019 Fr.
419 2977 475 3019 49
507 2976 697 3032 ἐξοίχεται
728 2976 771 3018 τὸ
802 2977 1001 3032 νεοτήσιον
1033 2977 1224 3033 σκίρτημα
1246 2976 1291 3019 ἐκ
1312 2979 1381 3032 τῆς
1401 2978 1559 3032 γνώμης
1591 2991 1846 3034 quamquam
