2170 3412
904 231 1190 273 ...21—

228 347 477 404 Toepferum
509 361 658 399 errare,
690 360 786 388 cum
813 345 1027 400 Anonymi
1058 344 1303 388 Iamblichei
1332 343 1535 387 rationem
1574 343 1744 386 omnino
1784 343 1858 386 ab-

229 422 395 465 horrere
426 427 545 479 putet
575 422 626 464 ab
659 419 998 477 Antiphonte⁴⁸).
1058 408 1212 471 Quodsi
1243 419 1355 462 hunc
1386 432 1648 461 communem
1680 418 1858 461 salutem

227 497 457 554 respexisse
489 502 625 553 negat,
656 496 779 539 aliter
808 510 895 538 rem
917 509 960 538 se
981 495 1133 538 habere
1153 495 1255 538 satis
1275 493 1667 537 demonstravimus.
1698 493 1859 536 Tamen

226 571 303 615 hoc
332 572 534 614 interesse
563 570 668 613 mihi
698 569 865 613 videtur
894 569 1005 611 inter
1035 574 1273 624 utrumque,
1312 567 1421 623 quod
1452 566 1669 623 Antiphon
1716 567 1859 609 unius·

225 646 426 700 cuiusque
458 645 568 687 vitae
601 644 745 686 beatae
776 643 959 686 maxime
979 641 1198 697 studet⁴⁴),
1226 643 1474 697 Anonymus
1496 640 1716 683 Iamblichi
1747 640 1857 683 mul-

226 724 364 762 torum
394 718 523 762 saluti
553 717 693 760 omnia
722 716 948 771 tribuit⁴⁵).

341 792 562 836 Neminem
597 791 724 846 igitur
760 791 880 834 beate
918 792 1057 834 vivere
1093 804 1211 847 posse
1248 790 1462 847 Antiphon
1511 789 1632 832 docet
1667 788 1749 831 nisi
1786 789 1859 844 qui

224 867 445 911 concordia
489 867 683 923 vitaeque
728 866 927 909 societate
973 881 1068 909 cum
1111 866 1274 909 civibus
1321 865 1568 908 coniunctus
1597 866 1664 907 sit.
1727 864 1858 920 Atqui

225 942 484 986 concorditer
529 942 667 984 vivere
712 955 808 984 eum
853 947 987 998 putat,
1033 941 1108 997 qui
1143 940 1447 997 cupiditatibus
1483 939 1614 982 animi
1650 940 1858 996 imperare

221 1019 291 1074 (fr.
315 1017 397 1073 58)
437 1023 479 1060 et
517 1017 677 1072 legibus
721 1016 1010 1072 obtemperare
1041 1017 1112 1070 (fr.
1134 1016 1207 1068 61)
1246 1015 1448 1071 bonisque
1485 1015 1598 1058 vitae
1642 1020 1752 1057 recte
1796 1014 1859 1057 uti

224 1093 389 1148 fruique
419 1093 489 1147 (fr.
506 1092 583 1146 54)
612 1091 814 1134 didicerit.
876 1091 979 1147 Ergo
1007 1091 1124 1134 nulla
1151 1105 1194 1134 re
1215 1091 1346 1146 magis
1368 1104 1472 1147 opus
1494 1104 1583 1133 esse
1614 1103 1856 1146 persuasum

223 1168 350 1211 habet
387 1182 513 1224 quam
550 1166 813 1210 educatione:
861 1169 1030 1223 πρῶτον,
1067 1166 1188 1220 οἶμαι,
1226 1170 1304 1208 τῶν
1336 1166 1377 1208 ἐν
1408 1166 1633 1221 ἀνθρώποις
1663 1165 1745 1207 ἐστὶ
1776 1165 1858 1207 παί·

223 1245 352 1289 δευσις
383 1245 465 1286 κτλ.
497 1243 568 1297 (fr.
591 1242 679 1296 60).
747 1242 932 1284 Maxima
963 1247 1104 1284 autem
1136 1255 1261 1297 opera
1288 1246 1377 1284 erat
1398 1241 1451 1294 ei,
1473 1240 1619 1296 quide
1639 1240 1859 1283 concordia

221 1319 402 1375 scripsit,
434 1317 739 1374 temperantiae
771 1316 921 1370 danda,
954 1317 1004 1359 de
1035 1331 1118 1373 qua
1149 1317 1231 1372 egit
1260 1317 1304 1359 in
1336 1317 1385 1359 fr.
1408 1315 1464 1359 58
1486 1321 1529 1358 et
1548 1315 1604 1358 59
1639 1315 1860 1359 sententiis

222 1399 312 1436 arte
342 1392 672 1436 cohaerentibus
732 1392 844 1442 Quae
891 1392 1025 1434 virtus
1063 1397 1268 1447 quantum
1306 1391 1358 1434 ad
1395 1391 1659 1434 concordiam
1704 1391 1856 1445 valeat,

222 1469 340 1511 Plato
372 1468 432 1510 ita
462 1468 645 1524 exponit,
678 1464 733 1510 ut
755 1467 867 1509 dicat
897 1467 1158 1510 concordiam
1190 1467 1472 1523 temperantia
1501 1466 1719 1520 contineri,
1751 1481 1856 1522 quae

222 1543 463 1586 harmoniae
493 1542 660 1585 cuidam
691 1542 841 1584 similis
878 1556 952 1599 per
986 1547 1119 1585 totam
1157 1547 1300 1598 pateat
1336 1542 1569 1584 civitatem:
1608 1542 1712 1584 ὥστε
1742 1542 1855 1598 ὀρθό-

219 1618 301 1660 τατ’
340 1617 386 1660 ἄν
418 1622 561 1673 φαῖμεν
593 1618 734 1673 ταύτην
764 1618 836 1673 τὴν
867 1616 1050 1671 ὁμόνοιαν
1083 1617 1338 1673 σωφροσύνην
1370 1617 1480 1666 εἶναι,
1512 1617 1688 1674 χείρονός
1719 1633 1761 1660 τε
1792 1619 1856 1659 καὶ

220 1694 422 1748 ἀμείνονος
453 1694 551 1736 κατὰ
582 1694 695 1749 φύσιν
727 1693 956 1748 συμφωνίαν
989 1692 1174 1748 ὁπότερον
1207 1694 1270 1735 δεῖ
1296 1692 1433 1749 ἄρχειν
1465 1693 1528 1734 καὶ
1565 1693 1605 1735 ἐν
1643 1692 1753 1735 πόλει
1790 1694 1854 1735 καὶ

220 1769 268 1811 ἐν
299 1769 366 1812 ἑνὶ
397 1770 583 1825 ἑκάστῳ
613 1769 737 1825 (Rep.
765 1768 897 1823 432a,
926 1769 975 1811 cf.
998 1769 1079 1811 431
1092 1783 1127 1811 e.
1160 1769 1335 1811 Phaedr.
1369 1769 1483 1811 237e
1515 1769 1638 1811 τούτω
1669 1770 1713 1810 δὲ
1745 1768 1852 1823 (scil.

218 1845 313 1891 δόξα
357 1850 398 1887 et
442 1844 654 1899 ἐπιθυμία)
690 1844 730 1886 ἐν
767 1845 861 1899 ἡμῖν
898 1844 986 1886 τοτέ
1025 1844 1094 1897 μὲν
1131 1844 1368 1899 ὁμονοεῖτον,
1407 1842 1488 1886 ἔστι
1525 1845 1568 1886 δὲ
1600 1844 1665 1886 ὅτε
1698 1845 1853 1886 στασιά-

220 1923 327 1968 ζετον
358 1919 474 1974 κτλ.).
536 1919 719 1962 Eandem
765 1933 862 1962 vero
909 1924 1097 1976 oportere
1142 1919 1186 1961 in
1222 1933 1475 1975 unoquoque
1511 1933 1599 1962 esse
1637 1925 1762 1975 atque
1809 1920 1852 1962 in

217 1995 389 2038 civitate
420 1994 695 2038 concordiam.
758 1994 843 2038 Nec
874 1994 987 2036 enim
1020 1994 1268 2036 concordare
1299 2009 1394 2037 cum
1416 1995 1577 2037 civibus
1599 2009 1674 2037 nec
1695 1995 1850 2038 iustum

218 2084 307 2113 esse
345 2084 612 2126 quemquam,
658 2070 774 2111 cuius
817 2070 983 2111 animus
1026 2069 1328 2126 cupiditatibus
1373 2069 1433 2112 ita
1477 2070 1759 2126 perturbetur,
1806 2077 1853 2113 ut

215 2159 356 2189 secum
388 2146 476 2201 ipse
507 2144 732 2187 discordet:
765 2146 919 2189 στάσεις
949 2146 1020 2199 γάρ
1052 2159 1126 2186 που
1150 2177 1159 2186 .
1193 2178 1202 2187 .
1236 2178 1245 2187 .
1278 2146 1305 2201 ἧ
1335 2160 1378 2199 γε
1401 2146 1532 2187 ἀδικία
1563 2146 1627 2187 καὶ
1661 2146 1756 2202 μίση
1787 2147 1851 2188 καὶ

217 2221 350 2277 μάχας
380 2220 420 2263 ἐν
451 2220 634 2275 ἀλλήλοις
665 2219 843 2276 παρέχει,
874 2221 900 2274 ἡ
933 2221 976 2261 δὲ
1007 2220 1232 2276 δικαιοσύνη
1267 2219 1449 2275 ὁμόνοιαν
1482 2221 1545 2262 καὶ
1576 2221 1706 2276 φιλίαν
1727 2222 1849 2278 (Rep.

217 2296 297 2339 351
309 2295 381 2350 d.).
412 2322 469 2327 —
500 2294 579 2338 Καὶ
626 2295 666 2337 ἐν
712 2296 768 2337 ἑνὶ
815 2296 863 2351 δὴ
907 2295 1016 2348 οἶμαι
1062 2295 1203 2338 ἐνοῦσα
1232 2296 1307 2350 (sc.
1340 2297 1365 2351 ἡ
1397 2296 1548 2350 ἀδικία)
1577 2296 1697 2338 ταύτὰ
1730 2299 1851 2338 ταῦτα

216 2371 372 2427 ποιήσει
402 2371 501 2426 ἅπερ
533 2370 704 2427 πέφυκεν
735 2371 986 2426 ἐργάζεσθαι·
1019 2374 1172 2426 πρῶτον
1204 2371 1273 2425 μὲν
1305 2371 1492 2414 ἀδύνατον
1523 2371 1640 2414 αὐτὸν
1671 2374 1850 2427 πράττειν

216 2447 373 2502 ποιήσει
403 2447 718 2494 στασιάζοντα
748 2447 813 2488 καὶ
844 2446 933 2502 οὐχ
980 2447 1270 2501 ὁμονοοῦντα
1312 2446 1450 2489 αὐτὸν
1496 2447 1668 2504 ἑαυτῷ,
1717 2446 1850 2490 ἔπειτα

216 2521 393 2578 ἐχθρὸν
425 2522 503 2564 καὶ
535 2521 687 2578 ἑαυτῷ
720 2522 796 2564 καὶ
827 2525 923 2567 τοῖς
954 2522 1158 2568 δικαίοις
1186 2522 1307 2578 (Rep.
1341 2522 1491 2577 352a).
1555 2523 1700 2579 Itaque
1731 2524 1850 2567 iusti·

217 2597 319 2639 tiam
349 2597 409 2639 sic
440 2596 663 2640 definiunt:
697 2597 921 2653 δικαιοσύνη
955 2596 1152 2649 δμόνοια
1197 2600 1280 2652 τῆς
1324 2601 1481 2654 ψυχῆς
1526 2598 1640 2654 πρὸς
1685 2598 1847 2655 αὑτήν,

335 2735 349 2758 ⁴
406 2737 429 2772 l.
455 2747 485 2772 c.
538 2736 623 2771 .47.

335 2736 381 2839 “⁸3
406 2795 450 2831 ef.
476 2747 634 2840 eapquae
660 2794 704 2830 de
730 2794 772 2830 fr.
791 2794 836 2830 54
862 2798 897 2830 et
922 2794 967 2829 58
994 2794 1148 2829 diximus
1174 2798 1207 2829 et
1235 2794 1278 2829 de
1305 2794 1452 2841 reliquis
1478 2805 1710 2841 exponemus.

334 2854 378 2895 ⁴⁵)
404 2853 571 2889 Conferas
597 2853 784 2889 Benthami
811 2854 997 2896 rationem,
1036 2853 1095 2896 qui
1127 2863 1302 2889 summum
1330 2854 1460 2889 bonum
1488 2854 1606 2900 posuit
1632 2855 1669 2890 in
1697 2855 1848 2890 maxima

215 2923 320 2958 quam
352 2912 582 2957 plurimorum
616 2912 786 2949 felicitate
817 2914 865 2955 (in
896 2914 947 2946 elne
975 2919 1120 2957 qreaeent
1150 2913 1330 2959 Ιισρρὺιου
1361 2914 1402 2956 of
1429 2913 1479 2947 tlte
1513 2921 1656 2958 greatest
1690 2914 1846 2958 number).

215 2971 269 3007 Cf.
298 2971 489 3017 Ueberweg
515 2970 536 3005 1.
556 2981 586 3006 c.
612 2981 646 3016 p.
665 2970 746 3007 524.
797 2972 952 3007 Poehlm.
979 2971 1002 3007 l.
1021 2981 1050 3006 c.
1079 2982 1113 3016 p.
1131 2970 1212 3007 370.
1237 2971 1319 3007 467.
