2170 3412
891 231 1178 273 ...47-

331 349 516 393 Maximo
567 347 621 390 ad
670 361 806 390 mores
862 344 1180 389 conformandos
1234 347 1449 387 momento
1505 341 1849 385 consuetudinem

218 426 438 469 hominum
478 437 567 466 esse
604 422 822 479 Antiphon
859 421 979 464 docet
1014 422 1064 463 sr.
1086 420 1161 463 62:
1198 419 1272 475 οἵῳ
1309 434 1365 464 τις
1400 418 1446 460 ἄν
1483 419 1526 460 τὸ
1565 420 1744 459 πλεῖστον
1780 420 1850 471 τῆς

215 501 366 557 ἡμέρας
402 502 522 554 συνῇ,
564 500 735 540 τοιοῦτον
775 498 923 552 ἀνάγκη
955 495 1139 550 γενέσθαι
1168 496 1233 537 καὶ
1268 493 1386 536 αὐτὸν
1422 494 1512 538 τοὺς
1547 492 1728 548 τρόπους.
1790 492 1849 534 Cf.

216 578 406 620 Demoer.
440 576 488 618 fr.
515 574 615 618 184:
655 574 817 630 φαύλων
854 573 986 628 ὁμιλίη
1019 572 1189 628 συνεχὴς
1219 570 1294 617 ἕξιν
1325 570 1463 626 κακίης
1493 568 1682 614 συναύξει.
1743 567 1848 609 Xen.

218 652 343 694 Mem.
365 651 385 693 1
405 650 524 705 2,19:
556 650 627 704 τὴν
659 649 728 702 μὲν
758 652 836 690 τῶν
867 651 1052 703 χρηστῶν
1084 646 1237 701 ὁμιλίαν
1268 645 1432 701 ἄσκησιν
1462 643 1582 686 οὖσαν
1604 647 1673 698 τῆς
1694 643 1850 698 ἀρετῆς.

215 727 277 770 Cf.
304 726 456 780 Theog.
474 721 787 781 31sqq.[Isoc.]
810 723 861 765 ad
886 723 1059 765 Demon.
1083 722 1101 764 I
1123 721 1192 764 33.
1237 721 1334 764 Eur.
1357 721 1407 763 fr.
1425 720 1524 763 609.
1542 719 1639 761 812.
1661 716 1849 760 1013²N.

332 801 394 844 Ex
423 799 538 843 nullo
571 813 667 842 vero
695 799 925 853 fragmento
954 798 1218 840 manifestius
1239 797 1298 851 fit,
1330 795 1466 852 qualis
1486 795 1614 838 suerit
1634 793 1851 849 Antiphon

217 875 386 920 virtutis
417 874 614 930 magister
644 888 772 929 quam
794 887 844 916 ex
865 874 914 915 fr.
934 873 1008 916 61:
1046 873 1234 929 ἀναρχίας
1255 870 1290 914 δ’
1318 871 1431 913 οὐδὲν
1451 871 1586 912 κάκιον
1609 869 1850 924 ἀνθρώποις·

219 954 340 994 ταῦτα
374 952 630 1005 γινώσκοντες
671 949 707 990 οἱ
746 948 916 1002 πρόσθεν
955 948 1156 1004 ἅνθρωποι
1194 948 1272 988 ἀπὸ
1310 950 1379 1002 τῆς
1417 946 1546 1002 ἀρχῆς
1581 943 1726 992 εἴθιζον
1762 943 1852 989 τοὺς

216 1028 359 1071 παῖδας
396 1025 592 1082 ἄρχεσθαι
629 1025 692 1066 καὶ
729 1025 772 1065 τὸ
808 1025 1063 1078 κελευόμενον
1102 1026 1237 1072 ποιεῖν,
1275 1023 1338 1064 ἵνα
1375 1023 1430 1078 μὴ
1468 1020 1761 1076 ὲΕανδρούμενοι
1798 1019 1853 1064 εἰς

217 1102 391 1157 μεγάλην
435 1101 654 1157 μεταβολὴν
698 1098 821 1144 ἰόντες
863 1099 1158 1154 ἐκπλήσσοιντο.
1221 1097 1526 1154 Μοτοείςίωι·
1562 1111 1587 1139 a
1625 1095 1852 1138 maioribus

218 1177 393 1220 traditos
422 1175 649 1218 servandos
680 1189 767 1217 esse
799 1181 952 1216 censet.
1011 1175 1101 1216 Iam
1131 1189 1156 1216 a
1186 1172 1326 1230 pueris
1357 1172 1469 1215 cives
1499 1171 1660 1228 legibus
1691 1170 1853 1213 obtem-

219 1265 364 1309 perare
395 1264 659 1294 consuescere
691 1250 858 1292 debent.
911 1249 1060 1291 Nullae
1091 1249 1214 1304 leges,
1247 1248 1364 1291 nulla
1393 1248 1519 1292 salus.
1565 1247 1709 1303 Neque
1739 1245 1854 1302 quic·

217 1341 345 1383 quam
384 1326 436 1368 ad
473 1339 739 1368 communem
776 1325 955 1366 salutem
995 1324 1088 1380 plus
1119 1329 1256 1380 potest
1287 1338 1331 1366 re
1363 1322 1532 1379 publica
1562 1322 1667 1365 bene
1698 1321 1853 1364 consti-

219 1408 326 1445 tuta.
359 1402 506 1457 Itaque
535 1415 619 1443 non
651 1399 834 1442 alienum
867 1406 930 1442 est
961 1414 1009 1442 ea
1041 1414 1148 1455 quae
1181 1399 1432 1455 Antiphonti
1463 1398 1662 1454 probatur
1692 1396 1854 1451 ὁμόνοια

219 1477 272 1520 ab
310 1475 632 1519 Atheniensium
671 1475 922 1531 republica
960 1475 1169 1531 populari,
1215 1474 1351 1529 qualis
1388 1473 1558 1516 Periclis
1595 1473 1853 1529 temporibus

220 1553 394 1595 florebat
429 1552 500 1605 (cf.
534 1550 840 1605 Thuc.1137).
904 1550 1048 1605 Neque
1091 1550 1213 1592 aliter
1248 1549 1512 1591 Democritus
1553 1549 1683 1591 sentit
1719 1562 1854 1604 neque

219 1628 476 1682 Protagoras,
509 1627 663 1683 quippe
686 1626 757 1682 qui
780 1625 922 1667 laudet
943 1626 1040 1666 αἰδῶ
1062 1640 1104 1666 τε
1125 1625 1189 1667 καὶ
1211 1625 1334 1680 δίκην,
1358 1623 1405 1666 ἵν’
1437 1623 1514 1666 εἷεν
1536 1625 1689 1665 πόλεων
1711 1622 1851 1678 κόσμοι

217 1718 260 1744 τε
290 1704 356 1744 καὶ
387 1702 524 1755 δεσμοὶ
554 1701 682 1756 φιλίας
713 1700 931 1755 συναγωγοί
960 1700 1041 1754 (ΡΙ.
1067 1700 1176 1742 Prot.
1199 1699 1344 1754 3220).
1395 1700 1511 1750 Quae
1541 1699 1672 1753 ipsius
1694 1698 1854 1742 Aristo·

217 1778 314 1821 telis
349 1778 485 1820 verbis
530 1777 794 1819 illustrantur
849 1782 975 1831 atque
1020 1776 1321 1818 confirmantur
1358 1775 1472 1829 (Eth.
1500 1774 1659 1818 Nicom.
1686 1774 1786 1817 VIII
1816 1777 1852 1817 1.

222 1853 358 1896 1155·
378 1852 473 1907 22):
506 1851 609 1894 ἔοικε
639 1853 683 1894 δὲ
713 1852 777 1894 καὶ
808 1851 877 1896 τὰς
908 1851 1038 1896 πόλεις
1070 1850 1247 1907 συνέχειν
1278 1851 1303 1906 ἡ
1337 1851 1458 1906 φιλία,
1489 1852 1554 1892 καὶ
1581 1851 1617 1892 οἱ
1645 1850 1854 1903 νομοθέται

221 1931 369 1983 μᾶλλον
402 1929 490 1982 περὶ
520 1928 642 1982 αὐτὴν
674 1928 906 1974 σπουδάζειν
937 1927 962 1982 ἢ
996 1927 1065 1981 τὴν
1092 1926 1358 1981 δικαιοσύνην·
1391 1927 1416 1980 ἡ
1440 1926 1513 1982 γὰρ
1535 1924 1697 1980 ὁμόνοια
1720 1925 1854 1978 ὅμοιόν

219 2019 254 2045 τι
292 2008 342 2058 τῇ
379 2004 489 2059 φιλίᾳ
525 2002 649 2045 ἔοικεν
687 2002 804 2050 εἶναι,
847 2002 989 2057 ταύτης
1032 2003 1075 2043 δὲ
1113 2000 1271 2056 μάλιστ’
1306 2001 1476 2057 ἐφίενται
1513 2003 1577 2044 καὶ
1614 2003 1683 2056 τὴν
1721 2002 1853 2044 στάσιν

219 2078 372 2136 ἔχθραν
404 2077 522 2121 οὖσαν
554 2080 721 2133 μάλιστα
753 2077 1035 2124 ἐξελαύνουσιν.

801 2218 822 2239 t
1028 2252 1048 2273 t
1255 2217 1275 2239 8

337 2361 494 2405 Notum
526 2366 588 2404 est
619 2360 883 2417 philosophos
917 2360 1134 2417 populares
1164 2360 1320 2403 saeculi
1344 2360 1485 2403 XVIII
1515 2375 1555 2417 p.
1579 2359 1651 2402 Ch.
1675 2374 1714 2402 n.
1736 2359 1854 2402 simi-

222 2437 280 2480 lia
306 2436 493 2479 docuisse
520 2442 645 2493 atque
676 2436 896 2493 sophistas,
929 2436 1002 2491 qui
1034 2435 1223 2479 homines
1254 2435 1306 2478 ad
1337 2449 1547 2478 summam
1578 2434 1854 2478 eruditionem

223 2511 447 2569 perducere
483 2510 720 2554 studebant.
789 2510 936 2566 Itaque
975 2510 1027 2553 ad
1066 2510 1358 2554 illustrandam
1391 2509 1662 2566 Antiphontis
1705 2509 1855 2552 doctri-

223 2601 321 2630 nam
352 2592 498 2643 aptum
530 2600 618 2630 esse
658 2587 760 2629 mihi
799 2586 964 2629 videtur
998 2585 1178 2629 similem
1214 2587 1399 2629 conferre
1431 2585 1611 2628 Helvetii
1650 2586 1854 2628 rationem

222 2676 272 2704 ac
303 2661 581 2718 disciplinam.
642 2661 704 2704 Ex
736 2661 841 2704 libro
863 2661 990 2716 igitur
1011 2661 1112 2714 eius,
1137 2675 1259 2716 quem
1282 2675 1410 2717 supra
1432 2661 1855 2704 commemoravimus

220 2737 283 2794 (p.
306 2737 363 2780 20
393 2736 489 2780 adn.
511 2737 580 2791 42,
611 2737 663 2780 cs.
685 2751 724 2793 p.
746 2737 798 2779 14
819 2736 916 2779 adn.
934 2736 1021 2790 26),
1057 2736 1130 2779 has
1160 2750 1369 2793 apponam
1399 2737 1630 2779 sententias
1660 2736 1855 2779 selectas:

340 2812 448 2855 Sect.
482 2811 554 2864 lv,
586 2826 677 2868 cap.
714 2811 825 2854 VIII.
887 2811 1003 2854 Pour
1022 2812 1147 2867 juyer
1177 2811 1375 2866 l'laeomme,
1406 2811 1724 2854 considerem-le
1752 2811 1856 2853 dans

220 2900 297 2929 son
327 2889 410 2929 έεαε
437 2886 639 2943 primitis,
670 2887 777 2928 dans
806 2886 913 2929 celui
940 2887 1041 2928 d’zm
1060 2901 1240 2943 sauvaqe
1268 2901 1409 2929 encore
1427 2886 1634 2944 sarouclze
1653 2887 1726 2942 (cf.
1749 2901 1856 2943 quae

222 2961 276 3005 de
306 2961 581 3019 Antiphontis
611 2962 660 3004 fr.
692 2961 860 3005 45—47
895 2962 1195 3019 exposuimus).
