2170 3412
1003 230 1288 273 -23-

323 359 424 400 opes
470 344 520 386 ad
569 345 686 387 beate
724 344 953 388 vivendum
991 344 1094 386 nihil
1132 344 1271 387 valere
1308 350 1430 401 putat
1464 346 1536 399 (cf.
1565 346 1615 388 fr.
1643 346 1712 389 77.
1742 346 1828 402 78).
1888 347 1961 391 Est

325 420 451 475 igitur
481 425 807 463 consentaneum
833 419 1136 475 Antiphontem
1170 419 1358 463 refellere
1388 419 1506 463 illam
1545 434 1672 476 quam
1714 421 1958 478 praedicant

323 495 468 550 Cynici
501 495 697 537 ἀπάθειαν
727 502 769 536 et
812 494 978 550 ἠρεμίαν
1014 494 1084 548 (of.
1108 494 1242 537 Zeller
1271 494 1298 536 l.
1321 509 1355 537 c.
1377 495 1418 537 II
1453 495 1515 547 1⁴,
1552 495 1650 539 312.
1686 496 1804 552 326).
1865 496 1960 540 Per-

323 584 494 613 suasum
529 570 638 612 enim
673 569 797 612 habet
829 583 925 611 vere
963 569 1183 611 honestum
1221 583 1264 612 se
1302 583 1386 612 non
1424 570 1633 625 praebere,
1672 570 1744 626 qui
1780 570 1832 613 ab
1870 585 1960 615 om·

324 645 448 687 nibus
480 644 781 701 cupiditatibus
803 658 851 686 ac
881 643 1082 686 vitiorum
1112 643 1333 687 inlecebris
1364 650 1549 687 remotus
1581 659 1636 688 ne
1655 645 1700 687 in
1727 645 1959 702 periculum

322 720 493 775 quidem
526 720 680 772 veniat,
714 733 766 760 ne
797 718 848 760 iis
879 718 1085 771 vincatur,
1117 718 1188 761 sed
1220 719 1292 775 qui
1324 719 1626 776 cupiditatibus
1662 720 1851 777 superior
1886 734 1959 764 ex-

320 795 477 837 stiterit
506 796 575 848 (fr.
600 795 697 846 59):
731 794 836 839 ὅστις
867 794 910 835 δὲ
939 797 1018 835 τῶν
1050 794 1226 850 αἰσχρῶν
1257 795 1283 850 ἢ
1314 798 1392 837 τῶν
1423 798 1556 836 κακῶν
1595 795 1694 849 μήτε
1731 795 1960 851 ἐπεθύμησε

322 871 423 925 μήτε
462 871 604 925 ἥψατο,
644 868 716 910 οὐκ
754 867 836 910 ἔστι
873 870 1063 925 σώφρων·
1098 868 1143 910 οὐ
1180 869 1254 925 γὰρ
1292 867 1380 911 ἔσθ’
1419 869 1510 911 ὅτου
1523 868 1577 924 ⁸⁰)
1611 871 1809 926 κρατήσας
1844 870 1961 918 αὐτὸς

319 945 455 987 ἑαυτὸν
488 944 650 999 κόσμιον
686 943 915 1001 παρέχεται.
977 944 1037 987 Cf.
1065 944 1206 1001 Eurip.
1230 946 1278 987 fr.
1301 944 1385 987 806
1416 946 1453 986 οἱ
1493 949 1628 1001 πεῖραν
1672 945 1717 987 οὐ
1743 946 1959 993 δεδωκότες

322 1023 470 1075 μᾶλλον
503 1022 707 1064 δοκοῦντες
747 1020 774 1075 ἢ
812 1018 1029 1075 πεφυκότες
1064 1020 1190 1075 σοφοί.
1252 1020 1406 1062 Totum
1443 1020 1572 1075 igitur
1606 1034 1652 1063 se
1688 1020 1809 1064 homo
1845 1020 1960 1064 vitae

319 1096 419 1138 dare
453 1095 653 1151 bonisque
685 1095 773 1137 eius
805 1100 914 1138 recte
951 1095 1014 1137 uti
1051 1095 1187 1137 debet.
1248 1095 1333 1138 Nec
1371 1109 1466 1138 vero
1504 1095 1548 1137 id
1590 1100 1730 1152 potest
1766 1095 1850 1138 nisi
1887 1109 1959 1139 au-

319 1171 454 1214 dendo
502 1175 627 1226 atque
674 1170 847 1226 agendo,
885 1171 943 1212 rei
989 1171 1181 1226 publicae
1227 1185 1398 1227 operam
1440 1171 1633 1214 navando
1674 1170 1748 1226 (cf.
1781 1171 1905 1214 Mem.
1938 1171 1958 1214 1

318 1248 360 1300 6,
382 1247 466 1302 11).
529 1248 665 1298 Quare
694 1246 740 1288 in
771 1259 841 1289 eos
872 1245 1098 1301 invehitur,
1132 1247 1204 1302 qui
1235 1246 1393 1288 timidis
1431 1252 1473 1288 et
1511 1247 1675 1302 ignavis
1712 1246 1865 1290 animis
1899 1246 1958 1289 la·

319 1323 438 1364 bores
482 1322 693 1378 suscipere
730 1321 852 1364 veriti
888 1335 1053 1378 semper
1090 1321 1319 1364 haesitant:
1348 1321 1410 1364 ’A.
1449 1322 1488 1363 ἐν
1526 1325 1582 1378 τῷ
1623 1321 1718 1377 Περὶ
1754 1325 1824 1378 τῆς
1861 1322 1958 1378 ὁμο-

317 1398 442 1443 νοίας·
482 1396 631 1438 “ὀκνεῖν
668 1398 730 1439 ἵνα
772 1396 883 1438 οὐδὲν
930 1395 1040 1452 ἔργον
1087 1395 1225 1438 ὀκνεῖν’
1279 1397 1348 1452 (fr.
1376 1398 1466 1452 55).
1533 1397 1709 1440 Eosdem
1746 1397 1959 1454 vituperat

317 1474 366 1515 fr.
389 1474 462 1515 57:
495 1472 608 1518 νόσος
639 1474 822 1515 δειλοῖσιν
855 1473 990 1528 ἑορτή·
1023 1472 1068 1514 οὐ
1089 1472 1161 1528 γὰρ
1184 1473 1458 1528 ἐκπορεύονται
1479 1472 1543 1514 ἐπὶ
1571 1473 1719 1529 πρᾶξιν.
1767 1473 1826 1515 Cf.
1847 1472 1955 1516 Xen.

320 1548 441 1591 Mem.
469 1548 531 1591 III
563 1549 602 1603 7,
626 1549 670 1591 2:
703 1550 737 1591 εἰ
769 1549 811 1591 δέ
846 1565 896 1595 τις
928 1581 938 1592 .
971 1581 981 1590 .
1014 1549 1177 1594 δυνατὸς
1215 1549 1269 1589 ὢν
1307 1553 1384 1590 τῶν
1421 1552 1491 1603 τῆς
1527 1548 1681 1594 πόλεως
1716 1548 1955 1604 πραγμάτων

317 1623 598 1676 ἐπιμελόμενος
627 1625 698 1678 τήν
728 1640 770 1666 τε
802 1624 913 1666 πόλιν
945 1623 1072 1670 αὔξειν
1103 1625 1168 1666 καὶ
1195 1623 1313 1670 αὐτὸς
1334 1623 1398 1665 διὰ
1418 1626 1531 1665 τοῦτο
1551 1623 1754 1678 τιμᾶσθαι,
1786 1623 1953 1679 ὀκνοίη

317 1700 366 1753 δὴ
399 1701 512 1741 τοῦτο
544 1701 738 1753 πράττειν,
770 1699 842 1742 οὐκ
874 1699 919 1741 ἂν
952 1699 1113 1745 εἰκότως
1143 1700 1302 1745 δειλὸς
1332 1702 1547 1753 νομίζοιτο;
1581 1698 1846 1754 Thucydides
1881 1698 1955 1741 ho·

316 1774 474 1816 minem
506 1788 600 1816 vere
634 1775 934 1818 Atheniensem
965 1775 1067 1817 dicit
1099 1789 1257 1817 navum
1289 1780 1331 1817 et
1361 1774 1615 1817 industrium
1648 1787 1736 1816 esse
1757 1774 1822 1815 καὶ
1853 1774 1954 1830 μήτε

317 1849 454 1905 ἑορτὴν
485 1849 581 1891 ἄλλο
613 1866 649 1891 τι
679 1850 863 1905 ἡγεῖσθαι
894 1850 919 1905 ἢ
953 1851 995 1891 τὸ
1028 1849 1075 1891 τὰ
1106 1850 1242 1891 δέοντα
1272 1849 1413 1905 πρᾶξαι
1437 1849 1636 1904 ξυμφοράν
1658 1864 1700 1890 τε
1727 1847 1804 1904 οὐχ
1830 1848 1954 1904 ἧσσον

316 1925 483 1980 ἡσυχίαν
515 1925 794 1981 ἀπράγμοναῆ
823 1925 1013 1982 ἀσχολίαν
1036 1926 1217 1967 ἐπίπονον
1249 1926 1289 1980 (Ι
1322 1926 1390 1978 70,
1412 1924 1471 1980 8).
1531 1925 1624 1966 Huc
1647 1923 1840 1979 quamvis
1869 1938 1953 1966 non

316 2014 391 2056 pro
423 2005 533 2044 certo
568 2002 711 2043 referri
741 2006 878 2057 potest
909 2002 957 2043 sr.
980 2001 1052 2054 56,
1083 2015 1164 2057 quo
1203 2015 1272 2043 eos
1305 1999 1523 2057 Antiphon
1561 1999 1839 2055 reprehendit,
1878 1999 1953 2055 qui

315 2076 512 2118 inanibus
557 2077 695 2119 verbis
730 2091 774 2119 se
811 2077 983 2131 iactant,
1024 2092 1048 2118 a
1085 2077 1208 2119 rebus
1246 2076 1436 2131 gerendis
1474 2075 1716 2118 abhorrent:
1754 2075 1875 2129 κακὸς
1909 2073 1945 2116 δ’

316 2150 363 2192 ἄν
395 2150 505 2206 <εἰή>,
537 2153 572 2193 εἰ
603 2151 665 2193 ἐπ’
694 2152 836 2194 ἀποῦσι
870 2152 938 2205 μὲν
970 2153 1034 2194 καὶ
1066 2152 1251 2206 μέλλουσι
1282 2154 1362 2197 τοῖς
1392 2150 1580 2195 κινδύνοις
1610 2154 1659 2204 τῇ
1680 2152 1837 2205 γλώττῃ
1860 2150 1951 2205 θρα·

316 2226 470 2268 σύνεται
499 2227 563 2269 καὶ
595 2231 652 2282 τῷ
684 2227 812 2269 θέλειν
835 2227 992 2282 ἐπείγει,
1024 2228 1067 2269 τὸ
1090 2226 1124 2269 δ’
1153 2226 1263 2282 ἔργον
1292 2226 1338 2268 ἂν
1361 2229 1481 2282 παρῇ,
1510 2226 1629 2267 ὀκνεῖ.
1677 2226 1736 2268 Cf.
1761 2226 1950 2268 Democr.

315 2303 364 2343 fr.
387 2302 455 2345 82.
517 2303 579 2345 De
610 2303 687 2345 hac
719 2302 829 2345 enim
868 2317 911 2345 re
942 2302 1248 2358 Antiphontem
1286 2301 1529 2344 disseruisse
1566 2315 1618 2342 ex
1653 2300 1775 2343 initio
1812 2301 1861 2342 fr.
1893 2299 1950 2343 58

316 2377 586 2433 intellegitur,
627 2392 708 2433 quo
745 2378 960 2433 ignaviam
996 2378 1057 2420 ita
1093 2382 1233 2420 tamen
1271 2377 1437 2432 probat,
1475 2376 1512 2418 si
1548 2376 1598 2418 de
1636 2375 1792 2417 iniuria
1827 2374 1950 2418 alteri

315 2453 531 2495 inferenda
562 2453 791 2508 agatur-⁶¹).
852 2453 930 2496 Hic
962 2457 1139 2508 quaerat
1169 2452 1395 2507 quispiam,
1427 2451 1528 2507 quid
1559 2451 1636 2494 hoc
1657 2450 1708 2493 ad
1737 2449 1949 2504 ὁμόνοιανΡ

317 2528 373 2569 At
403 2533 501 2570 sunt
531 2529 671 2583 ignavi
702 2528 820 2584 tales,
853 2529 925 2584 qui
963 2542 1179 2583 nunquam
1215 2528 1258 2570 in
1297 2527 1505 2569 sententia
1541 2531 1832 2583 permanentes
1866 2524 1949 2567 sibi

426 2631 473 2677 ⁶⁰)
503 2631 587 2667 ὅπου
619 2633 812 2679 Sauppius,
846 2633 1019 2675 Blassius,
1059 2633 1121 2668 sed
1154 2631 1234 2667 ὅτου
1267 2631 1492 2674 servandum,
1530 2631 1574 2666 cf.
1607 2631 1659 2665 Pl.
1693 2630 1817 2676 Symp.
1850 2630 1946 2665 196b

317 2690 520 2737 σωφροσῦνη
555 2691 594 2726 τὸ
633 2696 768 2738 κρατεῖν
806 2691 939 2738 ἡδονῶν
977 2693 1034 2726 καὶ
1065 2690 1264 2736 ἐπιθυμιῶν.
1315 2690 1373 2725 Sic
1410 2689 1704 2735 distinguendum
1741 2692 1808 2724 est:
1847 2687 1949 2726 αὸτὸς

315 2750 433 2784 ἑαυτὸν
473 2750 614 2795 κόσμιον
651 2751 842 2798 παρέχεται.
893 2750 1160 2796 Cupiditatibus
1193 2749 1376 2784 vincendis
1414 2749 1516 2783 homo
1549 2749 1625 2793 ipse
1656 2759 1694 2783 se
1727 2747 1946 2783 moderatum

316 2811 483 2852 praestat,
515 2808 557 2843 cf.
584 2809 626 2843 fr.
645 2809 689 2844 58
715 2815 788 2847 ταῖς
812 2809 945 2855 ἡδοναῖς
972 2810 1154 2855 ἐμφράσσει
1179 2807 1281 2846 αὐτὸς
1306 2807 1437 2842 ἑαυτόν.
1493 2807 1546 2842 Cf.
1573 2806 1798 2852 Grilsparzer,
1831 2805 1944 2841 Jfidin

315 2878 347 2901 v.
374 2866 450 2902 Tol.
477 2866 492 2901 I
518 2866 556 2901 2:
607 2867 781 2911 Besieyter
808 2868 892 2902 Fehl
914 2869 955 2902 isc
980 2868 1028 2901 all
1052 2867 1110 2901 des
1135 2867 1313 2901 Mense-lien
1342 2867 1487 2911 Tuqend,
1525 2866 1604 2900 Unci
1627 2878 1675 2900 wo
1701 2866 1775 2899 kein
1799 2864 1941 2909 Kamps,

315 2926 360 2958 da
387 2927 430 2960 ise
457 2926 539 2959 auch
564 2926 656 2959 keine
684 2927 810 2961 Macht.

433 2983 476 3025 61)
503 2984 548 3018 cf.
573 2984 729 3028 Wilam.,
755 2985 865 3020 Arist.
891 2997 927 3020 u.
954 2985 1082 3020 Athen.
1109 2985 1124 3019 1
1152 2984 1229 3020 173.
