2170 3412
868 262 1155 305 -33—

192 375 332 431 igitur,
364 388 468 431 quos
499 375 647 431 vulgus
678 376 822 426 credit,
853 377 1071 434 Antiphon
1103 391 1184 420 non
1225 377 1368 420 credit.
1437 378 1646 421 Nimirum
1685 379 1826 422 Xeno-

191 450 370 507 phanem
402 451 591 506 sequitur
622 452 779 508 pariter
809 458 936 508 atque
970 452 1186 508 Euripides
1221 453 1362 508 (Herc.
1403 453 1554 508 1345):
1594 456 1714 496 δεῖται
1752 455 1826 510 γὰρ

190 525 212 564 ὁ
243 523 349 570 θεός,
381 522 490 580 εἴπερ
528 523 603 566 ἔστ’
648 525 780 580 ὀρθῶς
822 526 928 574 θεός,
967 525 1201 582 οὐδενόςη).
1234 549 1288 557 -
1329 526 1520 581 Labores,
1558 527 1635 568 etsi
1674 541 1746 582 per
1782 541 1826 569 se

189 599 355 641 molesti
375 601 473 652 sint,
492 600 750 643 Democritus
770 600 910 643 dulces
928 602 1015 644 fieri
1037 607 1157 657 putat
1176 615 1249 658 spe
1265 602 1362 644 boni
1380 607 1554 644 eventus
1571 602 1822 657 (fr.‘243)⁷⁴).

190 673 346 717 Idcirco
370 675 583 731 Antiphon
616 675 791 718 honores
822 681 864 718 et
887 677 1073 732 praemia
1103 682 1318 733 tamquam
1341 677 1571 719 inlecebras
1600 691 1688 719 esse
1710 677 1823 727 dicit,

189 750 341 805 quibus
364 764 695 806 permoveamur,
716 756 764 793 ut
785 750 946 794 labores
969 766 1016 794 ac
1037 751 1206 794 sudores
1226 752 1463 794 subeamus.
1524 752 1661 794 Tanta
1681 758 1821 795 autem

188 838 278 867 esse
307 825 488 878 coniugii
520 825 800 878 incommoda,
833 835 879 868 ut
909 827 944 868 si
981 827 1211 883 susciperet
1248 826 1378 868 vitam
1423 841 1467 869 se
1513 828 1694 882 perferre
1738 842 1821 870 non

186 913 305 956 posse
336 900 595 942 confiteatur.
656 900 787 943 Uxori
821 902 946 964 enim,
980 916 1103 957 quam
1137 901 1296 956 diligat,
1329 902 1477 944 marito
1516 903 1822 958 providendum

185 975 305 1031 quasi
336 975 456 1017 alteri
477 976 651 1032 corpori,
684 975 804 1018 alteri
835 977 1013 1019 animae.
1077 976 1272 1032 Duplices
1303 976 1432 1032 igitur
1462 991 1599 1028 curae,
1633 978 1822 1033 duplices

184 1050 495 1092 sollicitudines.
570 1051 657 1093 Iam
696 1065 793 1094 vero
831 1052 972 1095 liberis
1011 1051 1119 1094 natis
1157 1066 1452 1095 aerumnarum
1491 1054 1632 1095 omnia
1677 1053 1815 1109 plena,

184 1123 366 1179 corporis
397 1125 513 1178 vigor
554 1125 808 1180 iuventaque
846 1131 1115 1169 evanescunt.
1184 1127 1297 1169 Haec
1335 1127 1418 1168 fere
1450 1127 1682 1182 Antiphon,
1724 1142 1818 1170 cum

183 1198 295 1240 mala
328 1198 445 1241 bonis
477 1199 662 1255 opponit,
697 1200 747 1242 ad
781 1201 1060 1244 accusandum
1093 1201 1333 1256 coniugium
1355 1201 1525 1256 profert,
1558 1201 1609 1243 de
1632 1215 1712 1256 quo
1736 1202 1820 1244 illis

182 1272 438 1328 temporibus
469 1273 649 1316 multum
682 1274 942 1330 disputatum
974 1289 1061 1318 esse
1093 1262 1310 1330 Euripides
1348 1280 1540 1317 testatur.
1608 1276 1748 1330 Atque
1784 1275 1820 1317 is

181 1345 349 1401 quidem
382 1361 476 1388 cum
514 1347 659 1389 multis
705 1346 875 1403 locis⁷⁵)
918 1349 970 1391 de
1016 1349 1183 1392 conubii
1229 1354 1270 1391 et
1316 1349 1543 1391 commodis
1581 1354 1623 1391 et
1661 1349 1818 1392 incom-

180 1419 314 1462 modis
346 1420 508 1463 locutus
539 1422 607 1475 sit,
638 1427 728 1464 tum
761 1422 964 1465 malorum
997 1424 1225 1466 maximam
1257 1423 1408 1479 culpae
1438 1430 1599 1480 partem
1623 1424 1818 1466 attribuit

178 1492 337 1548 legibus
369 1495 438 1547 (fr.
469 1493 580 1538 402'
611 1495 701 1549 N.):
727 1482 845 1550 ’νόμοι
877 1501 1077 1551 γυναικῶν
1113 1497 1158 1538 οὐ
1198 1499 1328 1542 καλῶς
1367 1500 1510 1539 κεῖνται
1547 1497 1648 1551 πέρι.
1714 1501 1817 1554 χρῆν

180 1567 255 1622 γὰρ
286 1569 350 1609 τὸν
382 1568 608 1625 εὐτυχοῦνθ’
637 1570 744 1615 ὅπως
771 1570 953 1616 πλείστας
974 1570 1080 1627 ἔχειν
1105 1604 1112 1614 .
1138 1605 1147 1614 .
1167 1604 1190 1621 .,
1223 1573 1277 1616 ὥς
1299 1572 1369 1625 τὴν
1391 1571 1514 1626 κακὴν
1541 1571 1610 1624 μὲν
1633 1570 1817 1626 ἐξέβαλλε

177 1641 386 1695 δωμάτων,
417 1643 488 1698 τὴν
518 1642 681 1685 δὀὖσαν
714 1643 861 1699 ἐσθλὴν
894 1645 1023 1699 ἡδέως
1060 1643 1251 1702 ἐσῴζετο·
1291 1648 1356 1687 νῦν
1403 1644 1438 1687 δ’
1490 1646 1547 1690 εἰς
1593 1645 1682 1700 μίαν
1731 1645 1815 1701 βλέ-

178 1730 310 1763 πουσι,
340 1717 512 1759 κίνδυνον
545 1717 664 1773 μέγαν
697 1719 909 1774 ῥίπτοντες·
942 1719 988 1760 οὐ
1018 1720 1090 1774 γὰρ
1121 1723 1199 1761 τῶν
1226 1719 1381 1775 τρόπων
1404 1722 1641 1775 πειρώμενοι
1663 1719 1815 1775 νύμφας

177 1789 219 1835 ἐς
254 1789 387 1836 οἴκους
423 1792 693 1847 ἑρματίζονται
729 1793 873 1849 βροτοί.
947 1793 1095 1849 Itaque
1131 1808 1254 1836 nemo
1291 1794 1388 1847 scit,
1428 1794 1594 1849 qualem
1638 1807 1813 1836 uxorem

177 1863 321 1906 ducat:
355 1865 538 1921 συμφορὰ
560 1862 598 1907 δ’
625 1866 668 1912 ὃς
690 1865 735 1908 ἂν
765 1868 870 1923 τύχῃ
902 1871 1026 1923 κακῆς
1056 1868 1251 1922 γυναικός,
1283 1867 1443 1924 εὐτυχεῖ
1464 1867 1655 1923 δ’ἐσθλῆς
1683 1870 1815 1924 τυχών

178 1938 248 1993 (fr.
284 1938 419 1982 1042¹
451 1940 520 1994 N).
583 1940 669 1983 Nec
700 1941 838 1983 minus
860 1942 1018 1984 femina
1039 1942 1082 1984 in
1103 1941 1230 1984 dubio
1254 1949 1463 1984 versatur:
1495 1943 1567 1984 κάν
1588 1940 1677 1997 τῷδ’
1707 1942 1814 1996 ἀγὼν

177 2014 355 2069 μέγιστος
385 2014 411 2069 ἢ
444 2016 561 2057 κακὸν
592 2017 725 2072 λαβεῖν
756 2017 781 2071 ἢ
813 2016 1004 2073 χρηστόν·
1038 2017 1084 2058 οὐ
1114 2017 1188 2072 γὰρ
1219 2018 1392 2062 εὐκλεεῖς
1428 2018 1649 2073 ἀπαλλαγαὶ
1687 2033 1814 2072 γυναι-

176 2089 230 2135 etv
266 2091 349 2131 κτλ.
415 2089 543 2144 (Med.
582 2090 667 2133 235
704 2091 827 2147 sqq.).
904 2091 1128 2134 Simillime
1163 2091 1401 2148 Antiphon:
1441 2092 1561 2146 μέγας
1597 2091 1669 2147 γὰρ
1706 2092 1813 2146 ἀγὼν

173 2165 296 2218 γάμος
327 2165 528 2221 ἀνθρώπῳ
552 2200 561 2208 .
584 2198 593 2208 .
618 2198 627 2208 .
652 2197 661 2206 .
693 2167 865 2222 χαλεπαὶ
897 2168 967 2221 μὲν
1004 2167 1205 2222 ἐκπομπαί
1246 2170 1328 2210 κτλ.
1409 2167 1519 2210 Sunt
1566 2168 1694 2210 etiam
1739 2168 1811 2210 alii

175 2239 269 2291 loci,
301 2241 452 2297 quibus
482 2240 535 2283 ad
567 2242 741 2284 verbum
772 2242 856 2284 fere
888 2242 1103 2298 Antiphon
1136 2257 1229 2285 cum
1264 2242 1462 2299 Euripide
1499 2243 1701 2298 congruit.
1772 2243 1812 2285 Is

175 2315 284 2358 enim
319 2315 530 2359 Phaedrae
562 2316 767 2359 nutricem
800 2317 900 2360 facit
931 2317 1294 2374 philosophantem
1328 2317 1474 2375 (Hipp.
1507 2318 1592 2360 252
1623 2318 1751 2374 sqq.):

580 2392 705 2433 πολλὰ
737 2394 909 2435 διδάσκει
940 2392 974 2447 μ’
1014 2393 1034 2433 ὁ
1067 2393 1188 2439 πολὺς
1219 2393 1358 2449 βίοτος.

581 2471 682 2524 χρῆν
713 2467 785 2523 γὰρ
818 2469 974 2524 μετρίας
1005 2468 1060 2513 εἰς
1090 2468 1288 2524 ἀλλήλους

586 2543 715 2598 φιλίας
746 2543 915 2599 θνητοὺς
944 2544 1224 2598 ἀνακίρνασθαι

292 2700 336 2744 ²²)
363 2701 405 2736 ef.
433 2701 574 2737 Wilam.
599 2701 643 2737 ad
673 2702 772 2737 Herc.
799 2713 830 2736 v.
860 2702 960 2737 1346.
996 2703 1124 2746 [Μαι]
1154 2703 1282 2739 Strom.
1300 2703 1334 2738 4.
1392 2703 1540 2739 Vorsok.
1568 2702 1606 2737 1²
1635 2703 1673 2738 ll
1704 2703 1735 2739 A
1759 2703 1807 2739 32

23 2787 24 2790 ,
185 2759 226 2793 41
250 2759 291 2793 18
306 2783 316 2793 .

0 2794 26 2876 ξ,
171 2760 183 2801 <
234 2784 241 2800 ,
291 2761 333 2860 Ξ4)
362 2819 456 2854 Idem
483 2820 591 2855 sentit
613 2820 798 2865 Epicurus,
824 2820 868 2855 cf.
896 2819 968 2856 Cic.
987 2821 1030 2855 de
1051 2821 1109 2855 fin.
1132 2821 1144 2856 Ι
1176 2821 1294 2861 15,49:
1322 2834 1422 2864 neque
1447 2821 1592 2855 laborum
1614 2823 1804 2867 persam-tio

0 2882 29 2974 ᾖ
170 2889 272 2923 nequo
293 2881 466 2924 perpessio
490 2879 634 2912 dotorum
658 2892 719 2922 per
743 2892 778 2912 ne
803 2882 880 2925 ipsa
905 2879 1008 2913 allide
1034 2885 1101 2915 etc.

291 2935 334 2980 ²⁵)
367 2947 455 2983 quos
489 2939 690 2983 composuit
723 2938 905 2974 Nestleus:
955 2938 1157 2983 Euripides,
1189 2938 1252 2975 der
1283 2938 1428 2974 Dichter
1462 2939 1525 2974 der
1557 2938 1803 2984 griechischen

172 2996 405 3042 Aufklarung
431 3007 465 3041 p.
483 2996 551 3031 ‘249
566 3006 644 3043 sqq.

1553 3056 1575 3092 8

0 3119 33 3412 w-mai'fflkff
4 3106 8 3110 ‘
20 3094 23 3096 v
4 3050 26 3084 ’ξς
